3104 4974
221 505 290 554 nm.
308 488 379 568 111.]
447 502 560 550 ensrn
585 497 718 550 nncuu‘
738 500 951 550 suenorum.
1105 487 1171 552 405

221 679 296 722 eam
326 659 479 722 Karolus
503 657 644 722 Rolloni
671 677 749 721 cum
779 651 866 722 ¹filia
891 656 992 722 Gisla
1018 658 1172 735 dederat,

221 759 316 822 brevi
340 757 453 822 effecit
475 765 526 833 ut,
552 757 645 820 ultro
661 755 797 820 Alanus
817 757 1014 834 adveniens,
1038 759 1171 839 suppli·

222 857 307 920 citer
321 876 358 920 se
373 875 505 937 suaque
519 855 669 919 dederet.
721 855 801 931 Sed,
816 857 898 937 quia
913 856 956 918 de
974 856 1172 920 Brittannia

221 974 342 1037 parum
369 955 456 1018 alias
484 955 637 1017 dicturus
665 973 753 1030 sum,
781 954 836 1016 hic
863 953 1037 1036 quoddam
1066 955 1170 1018 mira-

221 1055 347 1130 culum,
364 1053 456 1136 quod
477 1052 548 1116 illis
570 1052 677 1115 ferme
700 1052 818 1115 diebus
841 1053 877 1114 in
892 1052 1074 1116 Nannetis'
1087 1053 1172 1116 civi-

221 1159 293 1216 tate
309 1153 469 1232 contigit,
485 1151 604 1234 paucis
620 1152 781 1214 inseram.

421 1343 468 1388 DE
490 1341 633 1389 DUOBUS
657 1341 821 1389 cuamcls
844 1341 969 1391 sonus.

274 1447 380 1530 §232
405 1448 515 1512 Erant
535 1449 572 1511 in
589 1451 672 1512 urbe
696 1448 757 1512 illa
779 1450 847 1512 duo
869 1450 996 1527 clerici,
1020 1451 1169 1513 nondum
1184 1467 1300 1515 terendos

222 1547 433 1629 patientibus
458 1548 569 1622 annis,
587 1547 801 1629 presbyteri3
824 1548 861 1611 id
886 1547 1034 1611 officium
1058 1550 1170 1630 magis
1184 1518 1286 1604 lldillr

222 1646 376 1728 precario
404 1664 508 1728 qnam
541 1648 642 1709 bonae
671 1647 753 1709 vitae
785 1648 908 1736 merito
939 1649 983 1710 ab
1010 1648 1172 1729 episcopo

222 1744 288 1808 loci
305 1751 512 1826 exegerant:
535 1745 685 1826 denique
709 1745 851 1808 alterius
874 1745 1090 1810 miserandus
1108 1765 1170 1809 ex·

222 1843 291 1906 itus
314 1845 534 1924 superstitem
554 1844 720 1907 instruxit
736 1863 841 1925 quam
863 1843 990 1907 fuerint
1008 1851 1112 1907 antea
1134 1845 1170 1908 in

221 1941 345 2005 inferni
362 1942 498 2023 lapsum
515 1944 616 2005 ambo
632 1943 841 2023 praecipites.
874 1942 1059 2018 Caeterum,
1078 1944 1170 2025 quod

1185 1616 1273 1655 Nautes.

223 2040 266 2104 ad
290 2040 468 2105 scientiam
490 2040 667 2104 literarum
694 2041 805 2104 tendit
824 2042 874 2104 ita
899 2041 1023 2118 edocti,
1046 2049 1085 2104 ut
1110 2048 1171 2104 aut

222 2157 343 2220 parum
359 2145 420 2202 aut
435 2138 518 2201 nihil
531 2141 618 2221 ipsis
635 2139 799 2202 deberent
814 2140 945 2202 artibus
959 2161 967 2217 ;
991 2159 1012 2202 a
1030 2146 1170 2220 reptan-

223 2237 314 2300 tibus
330 2237 486 2300 infantiae
503 2237 706 2301 rudimentis
730 2237 816 2299 adeo
834 2237 995 2320 jocundis
1010 2238 1170 2300 amicitiae

223 2334 342 2398 officiis
357 2337 485 2413 aemuli,
501 2343 553 2413 ut,
563 2329 823 2420 juxta²Comici
837 2336 978 2412 dictum,
990 2335 1171 2399 ‘Manibus

223 2434 433 2516 pedibusque
451 2434 619 2511 conando,
635 2435 823 2517 periculum
847 2435 964 2510 etiam,
978 2435 1008 2498 si
1031 2454 1171 2498 necesse

224 2541 326 2609 esset,
347 2533 470 2616 capitis
497 2554 560 2615 pro
580 2534 726 2598 invicem
748 2533 923 2596 facerent!
976 2533 1094 2611 Quare
1116 2534 1171 2596 die

224 2627 384 2712 quadam,
414 2632 608 2695 liberiorem
632 2625 801 2695 ³animum
826 2651 848 2694 a
871 2633 961 2695 curis
992 2632 1170 2696 forinsecis

226 2731 329 2808 nacti,
358 2732 395 2793 in
419 2738 551 2794 secreto
576 2731 733 2794 conclavi
758 2730 955 2813 hujusmodi
981 2730 1170 2794 sententias

125 2870 127 2874 -
176 2823 182 2830 “
224 2828 359 2893 ludere:
386 2829 548 2892 Pluribus
566 2847 603 2892 se
628 2829 728 2892 annis
752 2849 843 2891 nunc
864 2829 985 2906 literis,
1002 2848 1094 2892 nnnc
1116 2849 1170 2892 se·

222 2928 290 2992 culi
299 2921 434 3004 ⁴lucriS,
448 2935 580 2991 mentes
596 2927 804 3004 exercuisse,
814 2947 878 2992 nec
893 2929 1051 3005 satiasse,
1061 2929 1171 3008 magis

223 3026 267 3090 ad
299 3027 482 3091 distortum
516 3044 620 3109 quam
647 3027 691 3089 ad
718 3033 849 3090 rectum
877 3028 1048 3090 intentas:
1081 3027 1172 3090 inter

223 3125 310 3202 haec,
326 3126 424 3188 illum
449 3127 608 3190 acerbum
631 3124 720 3187 diem
744 3126 871 3188 sensim
894 3125 1171 3207 appropinquare

224 3225 284 3306 qui
309 3225 485 3288 societatis
500 3243 573 3288 suae
595 3224 833 3286 inextricabile
856 3225 891 3285 in
907 3225 980 3286 vita
995 3223 1170 3286 vinculum

223 3323 472 3404 disrumperet;
509 3323 600 3385 unde
640 3320 918 3403 praeveniendum
956 3328 1102 3397 mature,
1132 3328 1172 3383 ut

223 3420 320 3498 fides
345 3441 424 3503 quae
456 3421 713 3502 conglutinarat
737 3420 907 3495 viventes,
932 3421 1042 3501 primo
1079 3439 1171 3482 mor·

224 3526 321 3583 tuum
337 3520 566 3583 comitaretur
588 3518 635 3600 ad
657 3536 786 3582 manes
840 3519 1071 3582 Paciscuntur
1087 3539 1170 3599 ergo

224 3625 263 3682 ut
278 3619 434 3700 quisquis
450 3638 568 3682 eorum
585 3624 667 3681 ante
679 3617 801 3694 obiret,
817 3618 1006 3699 superstiti,
1023 3618 1075 3680 vel
1091 3617 1170 3680 dor·

224 3717 341 3781 mienti
355 3717 410 3781 vel
427 3717 598 3798 vigilanti,
613 3723 796 3798 appareret
815 3715 905 3779 infra
923 3716 1066 3796 triginta
1091 3734 1170 3796 pro·
1228 3705 1232 3712 ”
1265 3707 1326 3774 *aa
1344 3794 1372 3823 N!

258 4043 368 4107 wiza]
392 4049 421 4097 G.
440 4046 475 4096 D.
494 4048 541 4108 E.;
558 4047 611 4096 filia
629 4061 685 4110 sua,
746 4045 904 4111 Ultimum]
918 4047 950 4096 A.
964 4047 992 4096 S.
1007 4048 1037 4095 C.
1049 4046 1083 4094 D.
1098 4047 1123 4094 E
1131 4051 1171 4107 23

223 4113 257 4164 A.
270 4115 298 4164 S.
311 4116 341 4164 L.
710 4116 815 4166 omitted
826 4119 851 4164 in
864 4119 888 4164 E
894 4120 917 4165 1.

256 4180 487 4248 wandatorum]
496 4185 595 4236 Terent.
605 4187 687 4235 Andr.
745 4184 755 4215 ⁴
774 4186 883 4248 Locris]
908 4184 942 4236 A.
968 4187 997 4234 C.
1018 4184 1052 4233 D.
1073 4185 1103 4234 E.
1123 4185 1171 4244 L.;

222 4267 257 4301 ιν.
270 4258 293 4302 l.
711 4257 788 4316 curis,
799 4255 827 4304 S.

963 4329 1022 4391 2n
