3148 4982
229 515 297 561 nm.
313 498 379 579 rv.]
452 515 566 563 cusrn
590 515 717 564 nacon
742 516 958 566 naononnu.
1116 505 1179 570 511

230 675 392 750 excessit,
415 682 486 737 tres
507 673 727 756 episcopatus
752 683 788 738 et
802 666 998 738 lduodecim
1023 677 1182 740 abbatias

233 773 408 836 desolatas
421 774 620 855 pastoribus
636 775 673 837 in
688 793 793 837 manu
811 793 875 837 sua
888 782 1034 840 teneret.
1086 775 1182 854 Quin

232 880 267 936 et
283 879 427 955 accepta
440 873 621 935 occasione
636 893 707 954 qua
728 873 819 937 inter
839 892 876 936 se
892 873 1098 937 dissiderent
1113 874 1182 938 Ur-

230 973 342 1035 banus
369 974 406 1035 in
434 971 560 1049 Roma,
582 971 781 1036 Gwibertus
804 973 840 1036 in
868 973 1051 1051 Ravenna,
1074 973 1180 1038 tribu-

233 1078 306 1134 tum
340 1071 510 1134 Romanae
541 1070 615 1134 sedi
646 1073 808 1152 negavit3
840 1073 982 1154 pronior
1003 1081 1120 1136 tamen
1145 1074 1182 1138 in

234 1169 403 1234 Gwiberti
419 1171 580 1252 gratiam,
590 1170 682 1251 quod
699 1170 807 1234 fomes
820 1179 855 1234 et
865 1172 1075 1236 incentivum
1092 1170 1182 1234 inter

234 1289 310 1333 eum
334 1277 370 1333 et
385 1269 590 1334 Anselmum
613 1269 726 1333 fuerat
748 1270 928 1333 discordiae
944 1263 1030 1352 ²quo
1055 1271 1114 1335 illc
1129 1271 1182 1335 vir

234 1369 310 1433 Deo
324 1368 470 1432 dilectus
480 1369 662 1433 Urbanum
680 1369 921 1452 apostolicum,
938 1371 1085 1435 alterum
1097 1389 1181 1453 apo·

138 1516 140 1520 -
234 1476 375 1546 statam,
390 1469 648 1552 pronunciaret.

507 1656 555 1702 na
578 1655 910 1705 crsrunc1uNSmUS.

279 1761 390 1844 §334
415 1761 501 1846 Ejus
520 1762 641 1826 diebus
665 1762 787 1844 religio
808 1756 1040 1827 ³Cistellensis
1063 1760 1182 1845 coepit,
1195 1791 1267 1842 origin
1277 1793 1342 1832 orna

235 1880 313 1942 quae
327 1855 436 1924 4nunc
454 1863 587 1944 optima
601 1863 660 1926 via
672 1863 797 1926 summi
808 1863 844 1925 in
860 1863 985 1925 coelum
999 1880 1182 1944 processus
1194 1842 1309 1932 Sillim

236 1967 270 2023 et
284 1962 436 2025 creditur
448 1969 484 2024 et
499 1961 636 2025 dicitur.
683 1961 738 2024 De
752 1980 821 2043 qua
834 1960 890 2024 hic
905 1961 1001 2043 loqui
1013 1955 1182 2042 ⁵suscepti

236 2061 348 2141 operis
363 2081 432 2123 non
447 2061 584 2124 videtur
601 2078 677 2124 esse
693 2061 916 2136 contrarium,
931 2060 1022 2142 quod
1047 2060 1092 2123 ad
1109 2058 1182 2125 An·

235 2159 315 2239 gliae
339 2160 485 2240 gloriam
516 2159 700 2243 pertineat,
723 2179 802 2241 quae
826 2161 931 2223 talem
955 2159 1069 2223 uirum
1100 2178 1181 2240 pro-

234 2258 373 2322 duxerit
386 2260 446 2340 qui
471 2258 615 2341 hujusce
639 2259 814 2340 religionis
836 2258 939 2322 suerit
956 2265 991 2321 et
1007 2265 1128 2321 auctor
1145 2264 1181 2320 et

234 2357 413 2421 mediator.
466 2357 597 2421 Noster
609 2357 679 2435 ille,
696 2365 732 2421 et
749 2366 868 2422 nostra
879 2376 965 2440 puer
978 2357 1013 2419 in
1029 2357 1182 2440 palestra

234 2457 335 2538 primi
362 2457 428 2520 aevi
457 2457 659 2520 tirocinium·
682 2457 843 2521 cucurrit.
896 2456 1128 2538 Quapropter,
1151 2455 1181 2517 si

234 2575 303 2618 non
329 2556 439 2620 invidi
467 2575 598 2633 sumus
627 2575 668 2619 eo
692 2555 785 2620 illius
807 2557 900 2620 bona
923 2555 1182 2638 complectimur

234 2655 420 2735 gratiosius
439 2675 507 2736 quo
524 2656 743 2737 agnoscimus
758 2655 985 2739 propinquius
998 2675 1007 2736 3
1031 2653 1182 2718 simulet

237 2754 357 2828 laudes
382 2754 457 2837 ejus
483 2755 643 2818 attollere
668 2754 752 2819 mihi
777 2764 831 2819 est
854 2754 1002 2832 animus,
1024 2755 1108 2837 quia
1129 2753 1182 2816 in·

236 2872 351 2933 genua
367 2873 464 2918 mens
478 2861 532 2917 est
547 2854 577 2917 si
599 2854 726 2917 bonum
747 2855 784 2917 in
795 2854 875 2918 alio
889 2854 1014 2936 probos
1029 2851 1122 2935 quod
1147 2853 1184 2916 in

237 2958 271 3015 te
286 2973 356 3017 non
370 2972 446 3016 esse
470 2953 633 3035 suspires.
687 2953 724 3016 Is
739 2953 805 3016 fuit
821 2953 1026 3034 Hardingus
1048 2951 1185 3016 nomine

238 3052 330 3132 apud
356 3051 504 3133 Anglos,
530 3070 600 3115 non
625 3053 676 3115 ita
700 3052 886 3116 reconditis
912 3051 1085 3116 natalibus
1107 3069 1186 3133 pro-

238 3158 388 3214 creatus.
441 3149 475 3214 A
494 3170 603 3232 puero
625 3144 870 3215 ⁶Scireburniae
894 3148 1102 3227 monachus;
1126 3148 1186 3211 scd

236 3268 314 3312 cum
333 3249 587 3313 adolescentem
604 3250 712 3313 seculi
737 3249 849 3313 urtica
870 3249 1085 3324 sollicitaret,
1099 3266 1185 3330 pan·

271 3462 279 3494 ¹
292 3463 445 3527 Duodecim]
469 3464 498 3513 S.
512 3465 541 3513 C.
554 3463 589 3514 D.
601 3463 634 3513 Ε.
651 3463 699 3525 1,.;
723 3459 1187 3522 terciunorderbeingthesurestroad

237 3534 437 3596 quatuordecim,
447 3532 481 3582 A.
723 3538 749 3580 to
770 3532 867 3581 heaven
888 3545 947 3592 may
965 3531 996 3578 be
1016 3543 1076 3578 seen
1097 3531 1124 3576 in
1143 3530 1185 3578 the

271 3601 281 3633 ⁹
295 3598 371 3670 Qua]
391 3604 420 3652 C.
442 3602 476 3652 D.
496 3603 547 3664 E.;
569 3601 647 3664 quod,
664 3600 698 3651 A.
723 3603 844 3662 prologue
855 3606 880 3649 to
892 3599 1004 3648 Richard
1016 3599 1044 3647 ol
1057 3599 1184 3648 Davizes:

239 3673 312 3723 M.
722 3674 835 3732 ‘quanto
857 3669 922 3719 cella
947 3669 1073 3718 Cartusiae
1095 3669 1186 3718 celsior

272 3741 468 3804 warennae]
481 3741 510 3790 S.
525 3742 555 3790 C.
567 3740 602 3789 D.
610 3741 643 3790 Ε.
651 3740 698 3800 L.;
723 3741 757 3789 sit
783 3746 810 3789 et
839 3741 906 3789 coelo
933 3738 1039 3787 vicinior
1075 3739 1185 3788 claustro

236 3811 421 3872 Cisterciensis,
433 3809 466 3860 A.
722 3810 876 3859 wintoniae!
899 3807 1004 3875 (Chron.
1025 3808 1081 3855 Ric.
1101 3807 1185 3856 Divis.

272 3879 367 3928 ⁴Nanc
388 3878 478 3941 optima
500 3879 540 3927 vic
562 3877 650 3928 summi
671 3877 697 3926 in
723 3894 776 3929 cur.
788 3881 843 3929 Jos.
856 3874 1015 3942 Stevenson.)

237 3951 321 3998 celum
329 3943 477 4014 processura]

270 4045 341 4056 —-
358 4019 390 4066 In
412 4017 505 4066 coelnm
528 4031 592 4078 quos
614 4016 698 4065 evehit

304 4088 400 4148 optima
411 4087 502 4135 summi

173 4191 177 4197 -
271 4157 347 4206 Nune
358 4158 401 4205 via
412 4167 554 4218 processus.
757 4148 970 4211 lauretum]
995 4149 1028 4197 Α.
1050 4147 1078 4197 S.
1099 4149 1128 4196 0.
1148 4147 1183 4197 D.

421 4227 514 4275 Juven.
526 4225 579 4273 Sat.
591 4237 609 4274 1.
623 4227 662 4273 38.
723 4222 755 4269 Ε.
785 4221 833 4280 L.;
862 4219 1032 4280 Cinebumiae,
1060 4217 1088 4267 S.
1117 4217 1183 4282 (var.

236 4298 260 4344 A
283 4296 378 4345 similar
398 4295 506 4343 allusion
529 4299 554 4341 to
576 4294 618 4342 the
642 4293 698 4342 Ois-
721 4287 792 4355 lect.)

757 3977 892 4042 ‘Suscepti
911 3977 1012 4041 operia]
1030 3977 1059 4026 S.
1079 3977 1114 4026 D.
1134 3978 1184 4035 Ε.;

722 4053 840 4110 suscepto
851 4050 931 4110 operi,
942 4048 973 4096 L.
