3140 4974
246 666 342 706 Baldrrln

246 717 300 766 king
308 717 397 758 osteru-

247 767 321 807 ulem.

407 473 475 537 592
634 485 748 538 casm
770 484 897 534 aarum
918 485 1134 534 nucnonuu.
1210 471 1295 556 [crs.
1315 489 1365 536 ιν.

409 645 663 708 aestimarentur
681 637 885 725 'sexaginta
903 643 1012 707 millia
1028 644 1187 722 militum,
1201 651 1236 708 et
1250 645 1363 710 multo

408 744 510 827 plura
534 743 701 826 peditum.
755 743 827 807 Ivit
854 762 932 806 cum
955 762 996 806 eo
1023 742 1221 825 Stephanus
1244 764 1361 809 comcs

409 843 636 925 Burgundiae,
664 850 700 906 et
736 842 844 924 Hugo
878 841 1103 919 LizianensiS,
1130 842 1239 907 frater
1272 843 1360 908 Rai-

408 943 529 1006 mundi
554 943 702 1018 comitis,
725 949 762 1006 et
787 942 896 1023 Hugo
918 961 1080 1023 magnus,
1102 949 1146 1030 et
1160 942 1360 1024 Stephanus

410 1041 600 1118 BlesensiS,
615 1041 768 1130 antiquae
792 1041 1011 1104 discessionis
1033 1042 1280 1123 improperium
1297 1062 1361 1107 no-

409 1159 455 1205 va
478 1148 514 1205 et
538 1138 739 1222 excogitata
754 1142 883 1205 virtute
906 1140 1033 1205 sarcire
1055 1141 1245 1222 cupientes.
1299 1141 1358 1205 Ita

409 1261 472 1323 per
497 1240 833 1323 Constantinopolim
865 1239 1052 1322 profectus,
1087 1259 1164 1303 cum
1194 1241 1359 1308 insolenti

409 1359 576 1422 responso
593 1338 651 1426 (ut
672 1341 829 1422 superius
852 1337 945 1424 dixi)
959 1337 1125 1402 Alexium
1147 1339 1358 1418 offendisset,

408 1438 469 1502 illo
497 1458 567 1503 non
596 1446 750 1516 curante,
778 1440 835 1503 vel
867 1440 985 1521 potius
1016 1445 1237 1521 procurante,
1268 1438 1356 1503 Soli·

409 1539 527 1600 manni
557 1537 702 1602 incurrit
733 1538 897 1618 insidias3
936 1539 996 1620 qui
1025 1538 1137 1602 sciens
1165 1539 1356 1602 exercitum

408 1635 499 1700 same
515 1643 551 1700 et
566 1637 624 1701 siti
646 1637 816 1716 laborare,
836 1638 929 1720 quod
951 1637 1140 1720 aliquantis
1158 1637 1278 1700 diebus
1303 1658 1356 1702 er·

409 1736 556 1800 rabundi
576 1756 640 1818 per
654 1737 826 1819 palustria
850 1744 885 1800 et
899 1737 996 1802 invia
1019 1736 1098 1801 loca
1116 1737 1263 1815 iverant,
1278 1757 1357 1801 cum

407 1837 571 1899 trecentis
589 1836 740 1900 millibus
763 1836 1023 1919 sagittariorum
1038 1835 1199 1901 occurrit.
1246 1836 1357 1901 Nulla

407 1955 560 2017 unquam
577 1936 767 2000 luctuosior
784 1937 928 2000 Francis
950 1955 1069 2019 pugna
1082 1936 1170 2012 visa,
1189 1937 1271 2018 quia
1292 1956 1356 2000 nec

409 2035 566 2098 timidum
590 2035 685 2117 fuga,
710 2055 774 2100 nec
801 2035 966 2100 audacem
981 2037 1104 2113 virtus,
1129 2042 1267 2117 poterat
1288 2037 1358 2099 eri-

408 2155 489 2216 pere
511 2134 719 2214 discrimini3
743 2136 836 2216 quod
859 2136 896 2198 in
919 2142 1015 2200 arcto
1030 2135 1107 2199 loco
1129 2143 1356 2217 pugnaretur,

409 2241 445 2300 et
475 2235 512 2298 in
541 2243 718 2298 consertos
743 2235 949 2317 sagittarum
977 2235 1085 2298 nubes
1114 2254 1184 2298 non
1210 2235 1357 2300 frustra-

408 2340 515 2398 retur.
557 2332 746 2402 Intersecta
758 2334 866 2416 igitur
879 2334 1062 2416 plusquam
1079 2341 1217 2398 centum
1233 2335 1354 2412 millia,

411 2433 665 2514 praeda‘omnis
689 2434 858 2513 abducta3
881 2435 931 2498 ita
953 2433 1186 2510 Solimannus,
1209 2454 1254 2498 ex
1282 2454 1357 2498 ma-

411 2532 524 2594 nubiis
542 2532 755 2596 Francorum
772 2534 884 2596 claras
901 2532 1059 2596 manibus
1074 2552 1214 2598 suorum
1232 2540 1356 2597 nactus

411 2630 563 2707 inferias,
578 2631 795 2713 dispendium
813 2633 933 2697 Nioeae
956 2633 1051 2696 ultus
1074 2639 1138 2696 est.
1190 2632 1257 2696 Sed
1275 2634 1357 2716 quia

411 2728 528 2792 multis
542 2731 738 2794 tramitibus
753 2732 840 2795 itum
863 2738 949 2808 erat,
963 2751 1027 2796 nec
1043 2751 1162 2796 omnes
1185 2733 1278 2808 caesi,
1292 2752 1356 2796 nec

411 2829 527 2892 omnia
558 2828 712 2911 direpta;
750 2849 830 2894 nam
859 2838 987 2913 praeter
1018 2831 1271 2908 Pictavensem,
1296 2833 1356 2914 qui

410 2947 497 3009 pene
523 2926 568 2991 ad
595 2929 756 3010 pudenda
780 2928 930 2993 nudatus
957 2937 1044 3007 erat,
1071 2932 1188 2995 caeteri
1212 2932 1355 2995 comites

409 3034 568 3110 prompte
595 3047 660 3092 sua
682 3027 983 3094 defensitaverant.
1036 3029 1167 3094 Omnes
1188 3050 1284 3111 ergo,
1301 3051 1356 3094 re·

409 3126 564 3192 collectis
575 3147 620 3192 ex
631 3126 715 3210 suga
726 3129 905 3206 militibus,
916 3136 1043 3211 praeter
1055 3129 1243 3212 Hugonem
1256 3149 1357 3212 mag·

410 3246 503 3304 num,
515 3247 617 3310 quem
632 3234 805 3294 mortuum
814 3228 997 3292 Tarsensis
1014 3229 1169 3292 civitatis
1186 3248 1275 3292 urna
1290 3249 1355 3292 ex·

410 3327 513 3408 cepit,
528 3325 751 3390 Antiochiam
777 3329 1028 3407 convolarunt3
1052 3327 1089 3391 in
1114 3329 1239 3410 quibus
1261 3328 1356 3392 Tan-

409 3426 544 3503 credus,
558 3427 708 3508 egregiae
730 3427 870 3508 pietatis
892 3427 1003 3503 miles,
1020 3427 1196 3508 ingentem
1217 3427 1355 3491 munifi·

408 3525 532 3589 cantiae
557 3544 628 3589 suae
657 3527 805 3607 gratiam
829 3525 991 3604 ostendit,
1017 3533 1160 3590 cunctos
1182 3534 1355 3609 quatenus

408 3630 546 3704 poterat
580 3625 736 3706 pecuniis
766 3633 985 3705 sustentans;
1017 3625 1231 3694 Willelmum
1264 3646 1355 3708 prae-

408 3723 520 3804 cipue,
542 3742 644 3804 quem
671 3722 817 3788 fortunae
832 3724 1034 3790 vicissitudo
1059 3744 1101 3788 eo
1127 3725 1356 3790 afflictaverat

407 3821 610 3888 invidiosius
643 3842 711 3905 quo
743 3831 824 3888 ante
855 3831 1066 3908 provexerat
1096 3823 1263 3902 serenius,
1294 3825 1353 3907 qui

406 3930 534 4003 praeter
557 3941 674 4003 gazas,
693 3942 838 4004 quarum
865 3923 991 3988 damno
1018 3943 1089 3988 non
1115 3923 1201 3988 adeo
1227 3923 1354 3988 afficie-

406 4022 520 4099 batur,
541 4021 633 4104 quod
660 4022 800 4085 caducae
821 4029 903 4085 sunt
927 4030 962 4086 et
984 4024 1206 4105 reparabiles,
1230 4043 1275 4086 ex
1300 4030 1353 4088 tot

497 4312 498 4315 ,
542 4260 551 4293 ¹
564 4263 702 4326 Sexaginta
714 4262 792 4312 millio
803 4261 930 4325 militum]
948 4262 995 4310 See
1006 4267 1064 4311 note
1074 4259 1094 4323 ³,
1105 4277 1131 4324 p.
1144 4266 1202 4316 535.
