3140 4974
229 663 325 703 Baldvln

392 470 458 536 582
608 486 721 534 cnara
745 486 871 534 nncuu
896 485 1108 534 succensu.
1189 472 1276 553 [nra.
1293 487 1339 535 ιν.

392 641 437 706 ad
453 643 566 708 locum
583 641 738 718 veniens,
753 640 854 704 fidem
873 640 1034 706 admirati
1050 643 1224 723 probavit.
1276 644 1341 708 Est

229 714 379 762 klnflollem·
438 743 445 756 .

228 764 303 804 ulem.

391 761 483 806 curm
507 743 595 806 citra
616 742 795 806 civitatem
815 741 985 818 Beritum‚
1011 741 1181 806 milliariis
1203 743 1340 808 circiter

391 842 556 924 quinque,
586 842 683 905 locus
722 841 863 905 omnino
897 848 1066 921 angustus
1088 841 1196 924 juxta
1231 862 1337 920 mare,

391 960 492 1022 quem
512 949 547 1004 et
561 946 738 1023 praerupta
758 940 896 1022 rupium
912 947 947 1002 et
963 947 1060 1003 arcta
1073 931 1228 1005 ¹collium
1251 942 1337 1006 adeo

391 1047 564 1117 coercent,
594 1047 634 1104 ut
663 1047 803 1103 centum
829 1039 907 1115 viri,
932 1039 1090 1103 faucibus
1122 1040 1190 1105 illis
1222 1042 1336 1122 potiti,

392 1140 615 1221 quantumvis
641 1159 819 1202 numerum
844 1139 1081 1218 itinerantium
1103 1139 1200 1202 aditu
1221 1141 1338 1221 prohi-

393 1239 473 1303 bere
496 1246 634 1321 queant.
688 1239 802 1302 Locus
827 1244 880 1302 est
902 1237 1111 1303 inevitabilis
1135 1238 1178 1302 de
1204 1239 1338 1322 Tripoli

393 1337 641 1422 lerosolymam
669 1336 838 1402 euntibus.
892 1336 974 1402 Huc
1002 1355 1085 1418 ergo
1115 1337 1337 1406 Baldewinus

391 1438 607 1519 perveniens,
629 1433 863 1519 speculatores
884 1435 978 1500 misit
1005 1437 1065 1519 qui
1086 1435 1191 1502 situm
1213 1438 1280 1502 loci
1303 1446 1338 1502 et

392 1537 483 1600 vires
498 1537 650 1601 hostium
663 1536 919 1600 renunciarent.
971 1534 1136 1616 Regressi
1149 1537 1258 1618 legati
1271 1537 1336 1600 dil-

392 1635 583 1700 ficultatem
598 1635 761 1712 faucium,
777 1642 813 1698 et
827 1635 1102 1699 adversariorum
1119 1637 1179 1718 qui
1201 1637 1336 1700 insede-

391 1741 472 1798 rant
495 1734 667 1810 fiduciam,
682 1735 743 1799 vix
769 1754 833 1816 pro
857 1734 979 1798 timore
1002 1735 1181 1812 intellecti,
1197 1736 1337 1800 anhela-

392 1842 494 1899 runt:
519 1842 556 1898 at
573 1834 807 1910 Baldewinus,
829 1835 890 1916 qui
911 1853 1033 1915 parum
1057 1835 1101 1897 ab
1124 1836 1253 1917 optimo
1276 1837 1336 1917 qui

391 1952 544 2016 unquam
568 1933 671 1998 suerit
694 1933 803 1997 milite
827 1933 984 2010 distaret,
1013 1933 1098 1996 nihil
1121 1936 1336 2016 perterritus,
1361 1984 1366 1993 .

392 2034 500 2097 aciem
529 2033 731 2116 dispositam
766 2035 804 2096 in
841 2051 901 2096 cos
936 2039 1136 2096 constanter
1173 2035 1335 2098 instituit.

391 2131 492 2197 Tune
508 2133 632 2196 Ducah
653 2132 760 2196 mittit
774 2131 908 2212 aliquos
926 2133 985 2214 qui
1007 2132 1128 2212 praelia
1151 2133 1263 2214 prima
1283 2134 1335 2197 la·

391 2243 540 2311 cessant,
568 2233 774 2313 eliciantque
797 2233 976 2310 incautos3
1008 2238 1185 2295 retentans
1211 2234 1334 2314 ampli·

390 2349 468 2394 ores
482 2333 574 2396 vires
588 2334 626 2396 in
641 2332 726 2396 locis
740 2330 953 2412 opportunis.
1008 2329 1134 2412 Itaque
1155 2331 1207 2395 illi
1223 2334 1334 2414 primo

389 2448 517 2511 magno
531 2432 663 2513 impetu
676 2431 806 2506 venire,
824 2449 904 2493 mox
922 2429 1068 2492 subinde
1084 2430 1333 2512 subterfugere,

388 2534 577 2593 utnostros
599 2529 635 2592 in
659 2530 839 2610 angustias
855 2528 1074 2592 deducerent.
1127 2529 1210 2593 Non
1231 2530 1335 2596 latuit

389 2627 626 2692 Baldewinum
641 2627 879 2710 hujuscemodi
887 2627 1078 2707 calliditas3
1097 2629 1168 2704 sed,
1181 2631 1333 2712 antiquae

387 2726 519 2790 militiae
542 2747 608 2790 usu
633 2728 835 2803 instructus
853 2727 924 2790 suis
938 2733 978 2790 ut
993 2726 1111 2808 fugam
1131 2729 1334 2794 simularent

324 2825 328 2834 '
387 2825 521 2905 innuit3
544 2826 646 2889 simul
668 2833 714 2902 et,
732 2832 771 2888 ut
794 2825 1024 2908 suspicionem
1047 2834 1159 2890 metus
1183 2837 1332 2910 urgeret,

386 2926 540 2988 sarcinas
552 2933 589 2989 et
602 2924 847 3006 impedimenta
863 2944 942 3006 quae
957 2918 1162 3006 ²posuerant
1177 2929 1333 3005 resumit,

386 3031 422 3088 et
441 3024 601 3108 jumenta
621 3024 771 3088 stimulis
793 3024 931 3104 agitari,
950 3025 1035 3106 quin
1051 3032 1086 3088 et
1101 3025 1237 3091 ordines
1254 3027 1331 3090 lax-

385 3125 450 3201 ari,
483 3132 522 3189 ut
552 3124 669 3189 hostes
698 3125 923 3200 incurrerent,
957 3123 1077 3188 edixit.
1128 3125 1219 3188 Tum
1248 3146 1330 3190 vero

385 3223 451 3288 hoc
468 3225 544 3290 viso
560 3225 666 3290 Turci
692 3224 862 3298 exultare,
877 3228 912 3286 et
934 3221 1046 3285 dirum
1059 3223 1270 3301 frendentes
1291 3234 1331 3288 ut

386 3323 593 3388 Eumenides
621 3324 800 3388 exululare
824 3323 991 3399 crederes,
1016 3330 1153 3387 nostros
1184 3325 1330 3406 insequi.

385 3420 535 3499 Quidam
564 3424 717 3487 ascensis
745 3421 892 3486 navibus
919 3421 1038 3484 littora
1064 3442 1329 3505 praeoccupare3

384 3509 524 3602 quidam
551 3523 649 3605 equis
672 3541 894 3603 praecurrere,
917 3527 952 3584 et
968 3523 1169 3602 peregrinos
1192 3523 1329 3587 incaute

378 3617 485 3700 juxta
499 3639 593 3684 mare
607 3621 824 3685 ambulantes
849 3619 1055 3684 interimere.
1109 3621 1145 3685 N
1147 3641 1185 3686 ec
1203 3622 1330 3686 Franci

382 3719 579 3784 simulatam
612 3721 730 3802 fugam
760 3721 906 3783 omisere
936 3718 1044 3782 donec
1074 3720 1118 3782 ad
1148 3721 1328 3802 planitiem

381 3837 485 3900 quam
508 3819 618 3884 oculis
633 3819 891 3884 destinaverant
910 3818 1149 3900 pervenirent:
1174 3819 1328 3903 nullique

380 3920 550 3984 tumultus
576 3938 760 3983 excussere
782 3919 867 3982 viris
889 3925 1033 3994 mentes,
1055 3918 1244 4000 quinimmo
1267 3940 1327 3982 ne·

412 4133 574 4208 reolum]
600 4141 629 4190 S·
655 4141 700 4200 αἱ
728 4140 839 4201 capium,
902 4111 1060 4164 'Poscerunt
1076 4117 1198 4180 resumit]
1225 4119 1260 4166 D.
1277 4119 1327 4178 E.;

377 4207 410 4259 Α,
423 4210 458 4260 1),
470 4211 502 4260 Ε,
515 4210 546 4259 ῃ,
861 4184 1284 4300 ἑῖωάεροειιεῐαηὶτθευπιί,,4.δ.
1296 4190 1326 4238 C.
