<?xml version="1.0" encoding="UTF-8"?>
<!DOCTYPE html PUBLIC "-//W3C//DTD XHTML 1.0 Transitional//EN"
    "http://www.w3.org/TR/xhtml1/DTD/xhtml1-transitional.dtd">
<html xmlns="http://www.w3.org/1999/xhtml" xml:lang="en" lang="en">
 <head>
  <title>
</title>
<meta http-equiv="Content-Type" content="text/html;charset=utf-8" />
  <meta name='ocr-system' content='tesseract 3.04.00' />
  <meta name='ocr-capabilities' content='ocr_page ocr_carea ocr_par ocr_line ocrx_word'/>
</head>
<body>
  <div class='ocr_page' id='page_1' title='image "./willelmimalmesb00hardgoog_0336.png"; bbox 0 0 3152 4970; ppageno 0'>
   <div class='ocr_carea' id='block_1_1' title="bbox 379 461 1328 542">
    <p class='ocr_par' dir='ltr' id='par_1_1' title="bbox 379 461 1328 542">
     <span class='ocr_line' id='line_1_1' title="bbox 379 461 1328 542; baseline -0.008 -12"><span class='ocrx_word' id='word_1_1' title='bbox 379 467 445 530; x_wconf 86' lang='grc'><strong>690</strong></span> <span class='ocrx_word' id='word_1_2' title='bbox 665 479 839 528; x_wconf 77' lang='lat' dir='ltr'><strong>ursronm</strong></span> <span class='ocrx_word' id='word_1_3' title='bbox 862 477 1042 526; x_wconf 75' lang='lat' dir='ltr'><strong>uovnuns.</strong></span> <span class='ocrx_word' id='word_1_4' title='bbox 1201 461 1287 542; x_wconf 79' lang='lat' dir='ltr'><strong>[mr.</strong></span> <span class='ocrx_word' id='word_1_5' title='bbox 1303 475 1328 522; x_wconf 84' lang='lat'><strong>1.</strong></span> 
     </span>
    </p>
   </div>
   <div class='ocr_carea' id='block_1_2' title="bbox 379 632 1351 1500">
    <p class='ocr_par' dir='ltr' id='par_1_2' title="bbox 379 632 1351 1500">
     <span class='ocr_line' id='line_1_2' title="bbox 379 632 1328 715; baseline -0.001 -17"><span class='ocrx_word' id='word_1_6' title='bbox 379 636 470 699; x_wconf 90' lang='lat' dir='ltr'><strong>inter</strong></span> <span class='ocrx_word' id='word_1_7' title='bbox 492 653 530 698; x_wconf 90' lang='lat' dir='ltr'><strong>se</strong></span> <span class='ocrx_word' id='word_1_8' title='bbox 552 642 587 698; x_wconf 87' lang='lat' dir='ltr'><strong>et</strong></span> <span class='ocrx_word' id='word_1_9' title='bbox 601 632 887 715; x_wconf 80' lang='lat' dir='ltr'><strong>Andagavensem</strong></span> <span class='ocrx_word' id='word_1_10' title='bbox 907 633 1068 695; x_wconf 90' lang='lat' dir='ltr'><strong>comitem</strong></span> <span class='ocrx_word' id='word_1_11' title='bbox 1091 649 1212 714; x_wconf 83' lang='lat' dir='ltr'><strong>pacem</strong></span> <span class='ocrx_word' id='word_1_12' title='bbox 1235 653 1328 697; x_wconf 86' lang='lat' dir='ltr'><strong>corn-</strong></span> 
     </span>
     <span class='ocr_line' id='line_1_3' title="bbox 379 731 1328 816; baseline -0.002 -18"><span class='ocrx_word' id='word_1_13' title='bbox 379 742 535 816; x_wconf 83' lang='lat' dir='ltr'><strong>poneret.</strong></span> <span class='ocrx_word' id='word_1_14' title='bbox 588 733 716 796; x_wconf 89' lang='lat' dir='ltr'>Mirum</span> <span class='ocrx_word' id='word_1_15' title='bbox 740 733 830 796; x_wconf 89' lang='lat' dir='ltr'><strong>enim</strong></span> <span class='ocrx_word' id='word_1_16' title='bbox 856 732 894 794; x_wconf 87' lang='lat' dir='ltr'><strong>in</strong></span> <span class='ocrx_word' id='word_1_17' title='bbox 920 731 1060 795; x_wconf 88' lang='lat' dir='ltr'><strong>modum</strong></span> <span class='ocrx_word' id='word_1_18' title='bbox 1078 731 1133 794; x_wconf 87' lang='lat' dir='ltr'><strong>vir</strong></span> <span class='ocrx_word' id='word_1_19' title='bbox 1156 731 1227 809; x_wconf 89' lang='lat' dir='ltr'><strong>ille,</strong></span> <span class='ocrx_word' id='word_1_20' title='bbox 1253 753 1328 796; x_wconf 93' lang='lat' dir='ltr'><strong>om·</strong></span> 
     </span>
     <span class='ocr_line' id='line_1_4' title="bbox 380 830 1351 914; baseline 0.001 -18"><span class='ocrx_word' id='word_1_21' title='bbox 380 834 473 896; x_wconf 90' lang='lat' dir='ltr'><strong>nium</strong></span> <span class='ocrx_word' id='word_1_22' title='bbox 491 852 610 913; x_wconf 80' lang='lat' dir='ltr'><strong>regum</strong></span> <span class='ocrx_word' id='word_1_23' title='bbox 626 851 713 914; x_wconf 89' lang='lat' dir='ltr'><strong>quos</strong></span> <span class='ocrx_word' id='word_1_24' title='bbox 731 838 851 894; x_wconf 86' lang='lat' dir='ltr'><strong>nostra</strong></span> <span class='ocrx_word' id='word_1_25' title='bbox 865 837 900 894; x_wconf 92' lang='lat' dir='ltr'><strong>et</strong></span> <span class='ocrx_word' id='word_1_26' title='bbox 911 830 1015 894; x_wconf 86' lang='lat' dir='ltr'><strong>etiam</strong></span> <span class='ocrx_word' id='word_1_27' title='bbox 1036 837 1173 912; x_wconf 89' lang='lat' dir='ltr'><strong>patrum</strong></span> <span class='ocrx_word' id='word_1_28' title='bbox 1192 839 1327 895; x_wconf 87' lang='lat' dir='ltr'><strong>nostro·</strong></span> <span class='ocrx_word' id='word_1_29' title='bbox 1348 892 1351 897; x_wconf 90' lang='lat'><em>.</em></span> 
     </span>
     <span class='ocr_line' id='line_1_5' title="bbox 380 929 1327 1011; baseline 0 -17"><span class='ocrx_word' id='word_1_30' title='bbox 380 951 456 994; x_wconf 89' lang='lat' dir='ltr'><strong>rum</strong></span> <span class='ocrx_word' id='word_1_31' title='bbox 482 937 577 996; x_wconf 89' lang='lat' dir='ltr'><strong>tenet</strong></span> <span class='ocrx_word' id='word_1_32' title='bbox 601 931 766 994; x_wconf 87' lang='lat' dir='ltr'><strong>memoria</strong></span> <span class='ocrx_word' id='word_1_33' title='bbox 783 929 968 1006; x_wconf 87' lang='lat' dir='ltr'><strong>maximus,</strong></span> <span class='ocrx_word' id='word_1_34' title='bbox 995 935 1190 1011; x_wconf 80' lang='lat' dir='ltr'><strong>suspectam</strong></span> <span class='ocrx_word' id='word_1_35' title='bbox 1211 937 1327 994; x_wconf 89' lang='lat' dir='ltr'><strong>tamen</strong></span> 
     </span>
     <span class='ocr_line' id='line_1_6' title="bbox 380 1027 1327 1112; baseline 0 -20"><span class='ocrx_word' id='word_1_36' title='bbox 380 1049 516 1112; x_wconf 88' lang='lat' dir='ltr'><strong>semper</strong></span> <span class='ocrx_word' id='word_1_37' title='bbox 529 1029 650 1093; x_wconf 90' lang='lat' dir='ltr'><strong>babuit</strong></span> <span class='ocrx_word' id='word_1_38' title='bbox 664 1027 968 1110; x_wconf 80' lang='lat' dir='ltr'><strong>Andegavensium</strong></span> <span class='ocrx_word' id='word_1_39' title='bbox 986 1028 1185 1108; x_wconf 89' lang='lat' dir='ltr'><strong>potentiam.</strong></span> <span class='ocrx_word' id='word_1_40' title='bbox 1232 1028 1327 1092; x_wconf 91' lang='lat' dir='ltr'><strong>Hinc</strong></span> 
     </span>
     <span class='ocr_line' id='line_1_7' title="bbox 380 1121 1326 1211; baseline 0 -20"><span class='ocrx_word' id='word_1_41' title='bbox 380 1129 540 1211; x_wconf 90' lang='lat' dir='ltr'><strong>estquod</strong></span> <span class='ocrx_word' id='word_1_42' title='bbox 557 1121 779 1210; x_wconf 88' lang='lat' dir='ltr'><strong>¹sponsalitia</strong></span> <span class='ocrx_word' id='word_1_43' title='bbox 794 1146 873 1208; x_wconf 85' lang='lat' dir='ltr'><strong>qnae</strong></span> <span class='ocrx_word' id='word_1_44' title='bbox 887 1125 1085 1191; x_wconf 85' lang='lat' dir='ltr'><strong>Wiilelmns</strong></span> <span class='ocrx_word' id='word_1_45' title='bbox 1098 1145 1206 1209; x_wconf 91' lang='lat' dir='ltr'><strong>nepos</strong></span> <span class='ocrx_word' id='word_1_46' title='bbox 1229 1147 1326 1204; x_wconf 90' lang='lat' dir='ltr'><strong>snus,</strong></span> 
     </span>
     <span class='ocr_line' id='line_1_8' title="bbox 380 1223 1326 1309; baseline 0 -20"><span class='ocrx_word' id='word_1_47' title='bbox 380 1246 495 1290; x_wconf 88' lang='lat' dir='ltr'><strong>comes</strong></span> <span class='ocrx_word' id='word_1_48' title='bbox 518 1233 640 1309; x_wconf 89' lang='lat' dir='ltr'><strong>postea</strong></span> <span class='ocrx_word' id='word_1_49' title='bbox 661 1226 847 1302; x_wconf 83' lang='lat' dir='ltr'><strong>Flaudriae‚</strong></span> <span class='ocrx_word' id='word_1_50' title='bbox 862 1243 941 1289; x_wconf 92' lang='lat' dir='ltr'><strong>cum</strong></span> <span class='ocrx_word' id='word_1_51' title='bbox 962 1225 1035 1287; x_wconf 89' lang='lat' dir='ltr'><strong>filia</strong></span> <span class='ocrx_word' id='word_1_52' title='bbox 1056 1225 1192 1289; x_wconf 83' lang='lat' dir='ltr'><strong>comitis</strong></span> <span class='ocrx_word' id='word_1_53' title='bbox 1209 1223 1326 1289; x_wconf 85' lang='lat' dir='ltr'><strong>Ande-</strong></span> 
     </span>
     <span class='ocr_line' id='line_1_9' title="bbox 379 1323 1326 1406; baseline -0.004 -16"><span class='ocrx_word' id='word_1_54' title='bbox 379 1327 542 1406; x_wconf 77' lang='lat' dir='ltr'><strong>gavensis</strong></span> <span class='ocrx_word' id='word_1_55' title='bbox 567 1325 743 1401; x_wconf 88' lang='lat' dir='ltr'><strong>Fulconis,</strong></span> <span class='ocrx_word' id='word_1_56' title='bbox 765 1331 888 1406; x_wconf 86' lang='lat' dir='ltr'><strong>postea</strong></span> <span class='ocrx_word' id='word_1_57' title='bbox 909 1325 1001 1404; x_wconf 85' lang='lat' dir='ltr'><strong>regis</strong></span> <span class='ocrx_word' id='word_1_58' title='bbox 1024 1323 1326 1406; x_wconf 85' lang='lat' dir='ltr'><strong>ierosolymorum,</strong></span> 
     </span>
     <span class='ocr_line' id='line_1_10' title="bbox 379 1416 1324 1500; baseline -0.002 -14"><span class='ocrx_word' id='word_1_59' title='bbox 379 1431 620 1488; x_wconf 86' lang='lat' dir='ltr'><strong>contracturus</strong></span> <span class='ocrx_word' id='word_1_60' title='bbox 631 1443 706 1488; x_wconf 89' lang='lat' dir='ltr'><strong>esse</strong></span> <span class='ocrx_word' id='word_1_61' title='bbox 715 1416 925 1500; x_wconf 82' lang='lat' dir='ltr'><strong>&#39;videbatur,</strong></span> <span class='ocrx_word' id='word_1_62' title='bbox 939 1423 1098 1486; x_wconf 85' lang='lat' dir='ltr'><strong>dissolvit</strong></span> <span class='ocrx_word' id='word_1_63' title='bbox 1115 1429 1150 1486; x_wconf 90' lang='lat' dir='ltr'><strong>et</strong></span> <span class='ocrx_word' id='word_1_64' title='bbox 1164 1424 1324 1487; x_wconf 77' lang='lat' dir='ltr'><strong>cassavit.</strong></span> 
     </span>
    </p>
   </div>
   <div class='ocr_carea' id='block_1_3' title="bbox 268 1520 1326 1608">
    <p class='ocr_par' dir='ltr' id='par_1_3' title="bbox 268 1520 1326 1608">
     <span class='ocr_line' id='line_1_11' title="bbox 268 1520 1326 1608; baseline 0.002 -24"><span class='ocrx_word' id='word_1_65' title='bbox 268 1587 276 1608; x_wconf 37' lang='lat'><em>⁶</em></span> <span class='ocrx_word' id='word_1_66' title='bbox 380 1521 475 1585; x_wconf 89' lang='lat' dir='ltr'><strong>Hinc</strong></span> <span class='ocrx_word' id='word_1_67' title='bbox 508 1530 562 1586; x_wconf 90' lang='lat' dir='ltr'><strong>est</strong></span> <span class='ocrx_word' id='word_1_68' title='bbox 588 1522 681 1602; x_wconf 91' lang='lat' dir='ltr'><strong>quod</strong></span> <span class='ocrx_word' id='word_1_69' title='bbox 709 1521 813 1584; x_wconf 86' lang='lat' dir='ltr'><strong>aliam</strong></span> <span class='ocrx_word' id='word_1_70' title='bbox 839 1522 993 1605; x_wconf 88' lang='lat' dir='ltr'><strong>ejusdem</strong></span> <span class='ocrx_word' id='word_1_71' title='bbox 1023 1520 1130 1604; x_wconf 86' lang='lat' dir='ltr'><strong>filiam</strong></span> <span class='ocrx_word' id='word_1_72' title='bbox 1159 1522 1230 1585; x_wconf 90' lang='lat' dir='ltr'><strong>filio</strong></span> <span class='ocrx_word' id='word_1_73' title='bbox 1262 1541 1326 1587; x_wconf 90' lang='lat' dir='ltr'><strong>suo</strong></span> 
     </span>
    </p>
   </div>
   <div class='ocr_carea' id='block_1_4' title="bbox 319 1613 1326 2099">
    <p class='ocr_par' dir='ltr' id='par_1_4' title="bbox 319 1613 1326 2099">
     <span class='ocr_line' id='line_1_12' title="bbox 378 1613 1324 1704; baseline 0 -20"><span class='ocrx_word' id='word_1_74' title='bbox 378 1620 555 1684; x_wconf 90' lang='lat' dir='ltr'><strong>Willelmo</strong></span> <span class='ocrx_word' id='word_1_75' title='bbox 570 1619 702 1702; x_wconf 88' lang='lat' dir='ltr'><strong>impubi</strong></span> <span class='ocrx_word' id='word_1_76' title='bbox 718 1619 873 1684; x_wconf 82' lang='lat' dir='ltr'><strong>vixdum</strong></span> <span class='ocrx_word' id='word_1_77' title='bbox 886 1619 1097 1684; x_wconf 87' lang='lat' dir='ltr'><strong>adolescenti</strong></span> <span class='ocrx_word' id='word_1_78' title='bbox 1113 1613 1324 1704; x_wconf 78' lang='lat' dir='ltr'><strong>³conjnnxit.</strong></span> 
     </span>
     <span class='ocr_line' id='line_1_13' title="bbox 379 1717 1326 1804; baseline 0.001 -22"><span class='ocrx_word' id='word_1_79' title='bbox 379 1718 475 1783; x_wconf 90' lang='lat' dir='ltr'><strong>Hinc</strong></span> <span class='ocrx_word' id='word_1_80' title='bbox 498 1727 552 1784; x_wconf 90' lang='lat' dir='ltr'><strong>est</strong></span> <span class='ocrx_word' id='word_1_81' title='bbox 578 1720 671 1802; x_wconf 91' lang='lat' dir='ltr'><strong>qnod</strong></span> <span class='ocrx_word' id='word_1_82' title='bbox 693 1718 782 1782; x_wconf 90' lang='lat' dir='ltr'><strong>banc</strong></span> <span class='ocrx_word' id='word_1_83' title='bbox 803 1718 909 1782; x_wconf 87' lang='lat' dir='ltr'><strong>filiam</strong></span> <span class='ocrx_word' id='word_1_84' title='bbox 933 1739 1031 1782; x_wconf 86' lang='lat' dir='ltr'><strong>suam</strong></span> <span class='ocrx_word' id='word_1_85' title='bbox 1052 1717 1113 1804; x_wconf 93' lang='lat' dir='ltr'><strong>(de</strong></span> <span class='ocrx_word' id='word_1_86' title='bbox 1138 1738 1208 1802; x_wconf 90' lang='lat' dir='ltr'><strong>qua</strong></span> <span class='ocrx_word' id='word_1_87' title='bbox 1233 1720 1326 1783; x_wconf 89' lang='lat' dir='ltr'><strong>ince-</strong></span> 
     </span>
     <span class='ocr_line' id='line_1_14' title="bbox 319 1815 1324 1910; baseline 0.001 -29"><span class='ocrx_word' id='word_1_88' title='bbox 319 1899 324 1910; x_wconf 71' lang='lat'>‚</span> <span class='ocrx_word' id='word_1_89' title='bbox 377 1820 491 1900; x_wconf 88' lang='lat' dir='ltr'><strong>pimus</strong></span> <span class='ocrx_word' id='word_1_90' title='bbox 506 1815 632 1904; x_wconf 90' lang='lat' dir='ltr'><strong>ioqui),</strong></span> <span class='ocrx_word' id='word_1_91' title='bbox 644 1825 724 1900; x_wconf 88' lang='lat' dir='ltr'><strong>post</strong></span> <span class='ocrx_word' id='word_1_92' title='bbox 739 1819 998 1900; x_wconf 88' lang='lat' dir='ltr'><strong>imperatorium</strong></span> <span class='ocrx_word' id='word_1_93' title='bbox 1011 1817 1161 1895; x_wconf 86' lang='lat' dir='ltr'><strong>thorum,</strong></span> <span class='ocrx_word' id='word_1_94' title='bbox 1171 1818 1324 1901; x_wconf 90' lang='lat' dir='ltr'><strong>ejusdem</strong></span> 
     </span>
     <span class='ocr_line' id='line_1_15' title="bbox 380 1916 1325 2000; baseline 0.002 -21"><span class='ocrx_word' id='word_1_95' title='bbox 380 1917 543 1981; x_wconf 89' lang='lat' dir='ltr'><strong>Fulconis</strong></span> <span class='ocrx_word' id='word_1_96' title='bbox 581 1917 652 1982; x_wconf 90' lang='lat' dir='ltr'><strong>filio</strong></span> <span class='ocrx_word' id='word_1_97' title='bbox 684 1924 829 2000; x_wconf 89' lang='lat' dir='ltr'><strong>nuptum</strong></span> <span class='ocrx_word' id='word_1_98' title='bbox 860 1917 1056 1992; x_wconf 86' lang='lat' dir='ltr'><strong>collocavit,</strong></span> <span class='ocrx_word' id='word_1_99' title='bbox 1094 1916 1185 1981; x_wconf 89' lang='lat' dir='ltr'><strong>sicut</strong></span> <span class='ocrx_word' id='word_1_100' title='bbox 1213 1937 1325 1982; x_wconf 88' lang='lat' dir='ltr'><strong>sermo</strong></span> 
     </span>
     <span class='ocr_line' id='line_1_16' title="bbox 378 2016 842 2099; baseline 0 -21"><span class='ocrx_word' id='word_1_101' title='bbox 378 2017 567 2097; x_wconf 77' lang='lat' dir='ltr'><strong>procedens</strong></span> <span class='ocrx_word' id='word_1_102' title='bbox 581 2016 694 2080; x_wconf 88' lang='lat' dir='ltr'><strong>dicere</strong></span> <span class='ocrx_word' id='word_1_103' title='bbox 709 2023 842 2099; x_wconf 80' lang='lat' dir='ltr'><strong>perget.</strong></span> 
     </span>
    </p>
   </div>
   <div class='ocr_carea' id='block_1_5' title="bbox 566 2201 1138 2251">
    <p class='ocr_par' dir='ltr' id='par_1_5' title="bbox 566 2201 1138 2251">
     <span class='ocr_line' id='line_1_17' title="bbox 566 2201 1138 2251; baseline -0.002 -2"><span class='ocrx_word' id='word_1_104' title='bbox 566 2203 614 2250; x_wconf 81' lang='lat' dir='ltr'><strong>DE</strong></span> <span class='ocrx_word' id='word_1_105' title='bbox 636 2203 803 2251; x_wconf 68' lang='lat' dir='ltr'><strong>couclhro</strong></span> <span class='ocrx_word' id='word_1_106' title='bbox 826 2201 960 2250; x_wconf 68' lang='lat' dir='ltr'><strong>Hermo</strong></span> <span class='ocrx_word' id='word_1_107' title='bbox 982 2201 1138 2249; x_wconf 82' lang='lat' dir='ltr'><strong>LONDON.</strong></span> 
     </span>
    </p>
   </div>
   <div class='ocr_carea' id='block_1_6' title="bbox 378 2301 1326 2572">
    <p class='ocr_par' dir='ltr' id='par_1_6' title="bbox 378 2301 1326 2572">
     <span class='ocr_line' id='line_1_18' title="bbox 429 2301 1325 2393; baseline -0.002 -17"><span class='ocrx_word' id='word_1_108' title='bbox 429 2309 505 2393; x_wconf 66' lang='lat'><strong>§2</strong></span> <span class='ocrx_word' id='word_1_109' title='bbox 532 2309 638 2376; x_wconf 81' lang='lat' dir='ltr'><strong>Anno</strong></span> <span class='ocrx_word' id='word_1_110' title='bbox 665 2309 828 2375; x_wconf 89' lang='lat' dir='ltr'><strong>vicesimo</strong></span> <span class='ocrx_word' id='word_1_111' title='bbox 856 2309 1003 2391; x_wconf 89' lang='lat' dir='ltr'><strong>septimo</strong></span> <span class='ocrx_word' id='word_1_112' title='bbox 1033 2301 1149 2390; x_wconf 74' lang='lat' dir='ltr'><strong>*regni</strong></span> <span class='ocrx_word' id='word_1_113' title='bbox 1177 2308 1231 2372; x_wconf 91' lang='lat' dir='ltr'><strong>sni</strong></span> <span class='ocrx_word' id='word_1_114' title='bbox 1262 2330 1325 2374; x_wconf 88' lang='lat' dir='ltr'><strong>rex</strong></span> 
     </span>
     <span class='ocr_line' id='line_1_19' title="bbox 379 2406 1326 2490; baseline 0.001 -19"><span class='ocrx_word' id='word_1_115' title='bbox 379 2407 555 2473; x_wconf 89' lang='lat' dir='ltr'><strong>Henricus</strong></span> <span class='ocrx_word' id='word_1_116' title='bbox 581 2407 744 2490; x_wconf 83' lang='lat' dir='ltr'><strong>Angliam</strong></span> <span class='ocrx_word' id='word_1_117' title='bbox 771 2408 866 2473; x_wconf 90' lang='lat' dir='ltr'><strong>venit</strong></span> <span class='ocrx_word' id='word_1_118' title='bbox 892 2426 1008 2471; x_wconf 90' lang='lat' dir='ltr'><strong>mense</strong></span> <span class='ocrx_word' id='word_1_119' title='bbox 1035 2406 1239 2490; x_wconf 88' lang='lat' dir='ltr'><strong>Septembri,</strong></span> <span class='ocrx_word' id='word_1_120' title='bbox 1265 2409 1326 2472; x_wconf 89' lang='lat' dir='ltr'><strong>ad-</strong></span> 
     </span>
     <span class='ocr_line' id='line_1_20' title="bbox 378 2505 1325 2572; baseline 0.001 -2"><span class='ocrx_word' id='word_1_121' title='bbox 378 2507 507 2571; x_wconf 88' lang='lat' dir='ltr'><strong>ducens</strong></span> <span class='ocrx_word' id='word_1_122' title='bbox 525 2527 641 2572; x_wconf 89' lang='lat' dir='ltr'><strong>secum</strong></span> <span class='ocrx_word' id='word_1_123' title='bbox 656 2508 763 2571; x_wconf 86' lang='lat' dir='ltr'><strong>filiam</strong></span> <span class='ocrx_word' id='word_1_124' title='bbox 777 2527 887 2570; x_wconf 89' lang='lat' dir='ltr'><strong>suam.</strong></span> <span class='ocrx_word' id='word_1_125' title='bbox 924 2505 1090 2569; x_wconf 89' lang='lat' dir='ltr'><strong>Proximo</strong></span> <span class='ocrx_word' id='word_1_126' title='bbox 1104 2526 1186 2571; x_wconf 89' lang='lat' dir='ltr'><strong>vero</strong></span> <span class='ocrx_word' id='word_1_127' title='bbox 1203 2506 1325 2572; x_wconf 86' lang='lat' dir='ltr'><strong>Natali</strong></span> 
     </span>
    </p>
   </div>
   <div class='ocr_carea' id='block_1_7' title="bbox 272 2604 1325 2688">
    <p class='ocr_par' dir='ltr' id='par_1_7' title="bbox 272 2604 1325 2688">
     <span class='ocr_line' id='line_1_21' title="bbox 272 2604 1325 2688; baseline 0 -18"><span class='ocrx_word' id='word_1_128' title='bbox 272 2632 284 2660; x_wconf 84' lang='lat' dir='ltr'><strong>o</strong></span> <span class='ocrx_word' id='word_1_129' title='bbox 379 2607 520 2670; x_wconf 90' lang='lat' dir='ltr'><strong>Domini</strong></span> <span class='ocrx_word' id='word_1_130' title='bbox 542 2613 733 2677; x_wconf 84' lang='lat' dir='ltr'><strong>convocato</strong></span> <span class='ocrx_word' id='word_1_131' title='bbox 749 2606 842 2688; x_wconf 90' lang='lat' dir='ltr'><strong>apud</strong></span> <span class='ocrx_word' id='word_1_132' title='bbox 857 2604 1072 2669; x_wconf 87' lang='lat' dir='ltr'><strong>Londoniam</strong></span> <span class='ocrx_word' id='word_1_133' title='bbox 1094 2625 1220 2687; x_wconf 81' lang='lat' dir='ltr'><strong>magno</strong></span> <span class='ocrx_word' id='word_1_134' title='bbox 1241 2607 1325 2670; x_wconf 89' lang='lat' dir='ltr'><strong>cieri</strong></span> 
     </span>
    </p>
   </div>
   <div class='ocr_carea' id='block_1_8' title="bbox 376 2704 1325 3776">
    <p class='ocr_par' dir='ltr' id='par_1_8' title="bbox 376 2704 1325 3776">
     <span class='ocr_line' id='line_1_22' title="bbox 379 2704 1324 2785; baseline 0 -17"><span class='ocrx_word' id='word_1_135' title='bbox 379 2712 415 2769; x_wconf 90' lang='lat' dir='ltr'><strong>et</strong></span> <span class='ocrx_word' id='word_1_136' title='bbox 428 2705 634 2785; x_wconf 88' lang='lat' dir='ltr'><strong>optimatum</strong></span> <span class='ocrx_word' id='word_1_137' title='bbox 648 2723 802 2780; x_wconf 90' lang='lat' dir='ltr'><strong>numero,</strong></span> <span class='ocrx_word' id='word_1_138' title='bbox 819 2706 920 2768; x_wconf 87' lang='lat' dir='ltr'><strong>uxori</strong></span> <span class='ocrx_word' id='word_1_139' title='bbox 936 2723 1022 2780; x_wconf 84' lang='lat' dir='ltr'><strong>suae,</strong></span> <span class='ocrx_word' id='word_1_140' title='bbox 1042 2704 1123 2767; x_wconf 85' lang='lat' dir='ltr'><strong>filiae</strong></span> <span class='ocrx_word' id='word_1_141' title='bbox 1138 2704 1235 2768; x_wconf 88' lang='lat' dir='ltr'><strong>ducis</strong></span> <span class='ocrx_word' id='word_1_142' title='bbox 1255 2704 1324 2769; x_wconf 91' lang='lat' dir='ltr'><strong>Lo·</strong></span> 
     </span>
     <span class='ocr_line' id='line_1_23' title="bbox 378 2801 1325 2885; baseline 0.001 -18"><span class='ocrx_word' id='word_1_143' title='bbox 378 2804 577 2879; x_wconf 88' lang='lat' dir='ltr'><strong>vannensis,</strong></span> <span class='ocrx_word' id='word_1_144' title='bbox 600 2822 703 2885; x_wconf 88' lang='lat' dir='ltr'><strong>qnam</strong></span> <span class='ocrx_word' id='word_1_145' title='bbox 726 2810 805 2885; x_wconf 92' lang='lat' dir='ltr'><strong>post</strong></span> <span class='ocrx_word' id='word_1_146' title='bbox 827 2804 958 2867; x_wconf 90' lang='lat' dir='ltr'><strong>obitum</strong></span> <span class='ocrx_word' id='word_1_147' title='bbox 984 2801 1142 2868; x_wconf 88' lang='lat' dir='ltr'><strong>Matildis</strong></span> <span class='ocrx_word' id='word_1_148' title='bbox 1163 2803 1325 2882; x_wconf 83' lang='lat' dir='ltr'><strong>duxerat,</strong></span> 
     </span>
     <span class='ocr_line' id='line_1_24' title="bbox 378 2901 1325 2985; baseline 0.004 -20"><span class='ocrx_word' id='word_1_149' title='bbox 378 2902 579 2966; x_wconf 81' lang='lat' dir='ltr'><strong>comitatum</strong></span> <span class='ocrx_word' id='word_1_150' title='bbox 615 2902 857 2985; x_wconf 87' lang='lat' dir='ltr'><strong>Salopesbiriae</strong></span> <span class='ocrx_word' id='word_1_151' title='bbox 886 2902 1001 2966; x_wconf 86' lang='lat' dir='ltr'><strong>dedit:</strong></span> <span class='ocrx_word' id='word_1_152' title='bbox 1034 2920 1138 2983; x_wconf 85' lang='lat' dir='ltr'><strong>quam</strong></span> <span class='ocrx_word' id='word_1_153' title='bbox 1164 2901 1325 2969; x_wconf 83' lang='lat' dir='ltr'><strong>videlicet</strong></span> 
     </span>
     <span class='ocr_line' id='line_1_25' title="bbox 378 3000 1323 3083; baseline 0.003 -19"><span class='ocrx_word' id='word_1_154' title='bbox 378 3000 556 3066; x_wconf 87' lang='lat' dir='ltr'><strong>foeminam</strong></span> <span class='ocrx_word' id='word_1_155' title='bbox 572 3001 693 3066; x_wconf 89' lang='lat' dir='ltr'><strong>dolens</strong></span> <span class='ocrx_word' id='word_1_156' title='bbox 710 3021 779 3065; x_wconf 88' lang='lat' dir='ltr'><strong>non</strong></span> <span class='ocrx_word' id='word_1_157' title='bbox 803 3002 995 3083; x_wconf 84' lang='lat' dir='ltr'><strong>concipere,</strong></span> <span class='ocrx_word' id='word_1_158' title='bbox 1010 3000 1091 3064; x_wconf 90' lang='lat' dir='ltr'><strong>dum</strong></span> <span class='ocrx_word' id='word_1_159' title='bbox 1106 3008 1141 3065; x_wconf 91' lang='lat' dir='ltr'><strong>et</strong></span> <span class='ocrx_word' id='word_1_160' title='bbox 1157 3010 1323 3083; x_wconf 90' lang='lat' dir='ltr'><strong>perpetuo</strong></span> 
     </span>
     <span class='ocr_line' id='line_1_26' title="bbox 378 3101 1324 3182; baseline 0.002 -18"><span class='ocrx_word' id='word_1_161' title='bbox 378 3101 530 3165; x_wconf 88' lang='lat' dir='ltr'><strong>sterilem</strong></span> <span class='ocrx_word' id='word_1_162' title='bbox 547 3101 621 3165; x_wconf 86' lang='lat' dir='ltr'><strong>fore</strong></span> <span class='ocrx_word' id='word_1_163' title='bbox 637 3101 786 3176; x_wconf 85' lang='lat' dir='ltr'><strong>timeret,</strong></span> <span class='ocrx_word' id='word_1_164' title='bbox 803 3101 846 3164; x_wconf 90' lang='lat' dir='ltr'><strong>de</strong></span> <span class='ocrx_word' id='word_1_165' title='bbox 863 3119 1060 3164; x_wconf 88' lang='lat' dir='ltr'><strong>successore</strong></span> <span class='ocrx_word' id='word_1_166' title='bbox 1082 3101 1180 3182; x_wconf 82' lang='lat' dir='ltr'><strong>regni</strong></span> <span class='ocrx_word' id='word_1_167' title='bbox 1202 3101 1324 3166; x_wconf 90' lang='lat' dir='ltr'><strong>merito</strong></span> 
     </span>
     <span class='ocr_line' id='line_1_27' title="bbox 378 3199 1323 3282; baseline 0 -19"><span class='ocrx_word' id='word_1_168' title='bbox 378 3200 504 3264; x_wconf 87' lang='lat' dir='ltr'><strong>anxius</strong></span> <span class='ocrx_word' id='word_1_169' title='bbox 517 3200 705 3282; x_wconf 78' lang='lat' dir='ltr'><strong>cogitabat.</strong></span> <span class='ocrx_word' id='word_1_170' title='bbox 759 3200 813 3263; x_wconf 88' lang='lat' dir='ltr'><strong>De</strong></span> <span class='ocrx_word' id='word_1_171' title='bbox 829 3219 899 3281; x_wconf 92' lang='lat' dir='ltr'><strong>qua</strong></span> <span class='ocrx_word' id='word_1_172' title='bbox 912 3219 949 3262; x_wconf 93' lang='lat' dir='ltr'><strong>re</strong></span> <span class='ocrx_word' id='word_1_173' title='bbox 964 3205 1068 3262; x_wconf 86' lang='lat' dir='ltr'><strong>antea</strong></span> <span class='ocrx_word' id='word_1_174' title='bbox 1085 3199 1232 3262; x_wconf 89' lang='lat' dir='ltr'><strong>muitum</strong></span> <span class='ocrx_word' id='word_1_175' title='bbox 1247 3200 1323 3263; x_wconf 91' lang='lat' dir='ltr'><strong>din-</strong></span> 
     </span>
     <span class='ocr_line' id='line_1_28' title="bbox 378 3294 1325 3381; baseline 0 -18"><span class='ocrx_word' id='word_1_176' title='bbox 378 3319 445 3381; x_wconf 90' lang='lat' dir='ltr'><strong>que</strong></span> <span class='ocrx_word' id='word_1_177' title='bbox 458 3294 694 3364; x_wconf 82' lang='lat' dir='ltr'><strong>⁵considerato</strong></span> <span class='ocrx_word' id='word_1_178' title='bbox 717 3299 873 3375; x_wconf 89' lang='lat' dir='ltr'><strong>consilio,</strong></span> <span class='ocrx_word' id='word_1_179' title='bbox 891 3305 973 3362; x_wconf 90' lang='lat' dir='ltr'><strong>tunc</strong></span> <span class='ocrx_word' id='word_1_180' title='bbox 990 3299 1027 3360; x_wconf 86' lang='lat' dir='ltr'><strong>in</strong></span> <span class='ocrx_word' id='word_1_181' title='bbox 1042 3297 1161 3361; x_wconf 88' lang='lat' dir='ltr'><strong>eodem</strong></span> <span class='ocrx_word' id='word_1_182' title='bbox 1180 3299 1325 3363; x_wconf 91' lang='lat' dir='ltr'><strong>concilio</strong></span> 
     </span>
     <span class='ocr_line' id='line_1_29' title="bbox 377 3395 1325 3480; baseline -0.002 -18"><span class='ocrx_word' id='word_1_183' title='bbox 377 3417 496 3463; x_wconf 88' lang='lat' dir='ltr'><strong>omnes</strong></span> <span class='ocrx_word' id='word_1_184' title='bbox 513 3398 621 3463; x_wconf 87' lang='lat' dir='ltr'><strong>totius</strong></span> <span class='ocrx_word' id='word_1_185' title='bbox 643 3395 783 3479; x_wconf 80' lang='lat' dir='ltr'><strong>Angliae</strong></span> <span class='ocrx_word' id='word_1_186' title='bbox 799 3397 995 3480; x_wconf 67' lang='lat' dir='ltr'><strong>optimates</strong></span> <span class='ocrx_word' id='word_1_187' title='bbox 1017 3397 1198 3479; x_wconf 89' lang='lat' dir='ltr'><strong>episcopos</strong></span> <span class='ocrx_word' id='word_1_188' title='bbox 1220 3398 1325 3461; x_wconf 90' lang='lat' dir='ltr'><strong>etiam</strong></span> 
     </span>
     <span class='ocr_line' id='line_1_30' title="bbox 377 3496 1324 3576; baseline -0.002 -15"><span class='ocrx_word' id='word_1_189' title='bbox 377 3504 413 3561; x_wconf 87' lang='lat' dir='ltr'><strong>et</strong></span> <span class='ocrx_word' id='word_1_190' title='bbox 425 3497 582 3572; x_wconf 82' lang='lat' dir='ltr'><strong>abbates,</strong></span> <span class='ocrx_word' id='word_1_191' title='bbox 595 3503 811 3560; x_wconf 87' lang='lat' dir='ltr'><strong>sacramento</strong></span> <span class='ocrx_word' id='word_1_192' title='bbox 826 3496 946 3576; x_wconf 83' lang='lat' dir='ltr'><strong>adegit</strong></span> <span class='ocrx_word' id='word_1_193' title='bbox 961 3502 997 3559; x_wconf 90' lang='lat' dir='ltr'><strong>et</strong></span> <span class='ocrx_word' id='word_1_194' title='bbox 1012 3496 1210 3572; x_wconf 86' lang='lat' dir='ltr'><strong>obstrinxit,</strong></span> <span class='ocrx_word' id='word_1_195' title='bbox 1228 3503 1277 3573; x_wconf 93' lang='lat' dir='ltr'><strong>ut,</strong></span> <span class='ocrx_word' id='word_1_196' title='bbox 1294 3498 1324 3559; x_wconf 93' lang='lat' dir='ltr'><strong>si</strong></span> 
     </span>
     <span class='ocr_line' id='line_1_31' title="bbox 376 3593 1325 3676; baseline 0 -19"><span class='ocrx_word' id='word_1_197' title='bbox 376 3595 449 3676; x_wconf 91' lang='lat' dir='ltr'><strong>ipse</strong></span> <span class='ocrx_word' id='word_1_198' title='bbox 480 3595 554 3659; x_wconf 87' lang='lat' dir='ltr'><strong>sine</strong></span> <span class='ocrx_word' id='word_1_199' title='bbox 580 3595 716 3658; x_wconf 85' lang='lat' dir='ltr'><strong>haerede</strong></span> <span class='ocrx_word' id='word_1_200' title='bbox 743 3595 898 3658; x_wconf 85' lang='lat' dir='ltr'><strong>masculo</strong></span> <span class='ocrx_word' id='word_1_201' title='bbox 923 3593 1115 3670; x_wconf 89' lang='lat' dir='ltr'><strong>decederet,</strong></span> <span class='ocrx_word' id='word_1_202' title='bbox 1141 3593 1325 3658; x_wconf 88' lang='lat' dir='ltr'><strong>Matiidem</strong></span> 
     </span>
     <span class='ocr_line' id='line_1_32' title="bbox 376 3692 1325 3776; baseline 0 -20"><span class='ocrx_word' id='word_1_203' title='bbox 376 3693 480 3756; x_wconf 85' lang='lat' dir='ltr'><strong>filiam</strong></span> <span class='ocrx_word' id='word_1_204' title='bbox 503 3712 603 3758; x_wconf 87' lang='lat' dir='ltr'><strong>suam</strong></span> <span class='ocrx_word' id='word_1_205' title='bbox 619 3693 793 3776; x_wconf 86' lang='lat' dir='ltr'><strong>quondam</strong></span> <span class='ocrx_word' id='word_1_206' title='bbox 814 3692 1065 3775; x_wconf 86' lang='lat' dir='ltr'><strong>imperatricem</strong></span> <span class='ocrx_word' id='word_1_207' title='bbox 1087 3693 1325 3757; x_wconf 89' lang='lat' dir='ltr'><strong>incunctanter</strong></span> 
     </span>
    </p>
   </div>
   <div class='ocr_carea' id='block_1_9' title="bbox 375 3945 1326 4292">
    <p class='ocr_par' dir='ltr' id='par_1_9' title="bbox 375 3945 1326 4292">
     <span class='ocr_line' id='line_1_33' title="bbox 411 3945 1324 4012; baseline 0 -14"><span class='ocrx_word' id='word_1_208' title='bbox 411 3945 580 4012; x_wconf 77' lang='lat' dir='ltr'><strong>¹Spomlitio</strong></span> <span class='ocrx_word' id='word_1_209' title='bbox 592 3983 599 3998; x_wconf 84' lang='lat'><strong>.</strong></span> <span class='ocrx_word' id='word_1_210' title='bbox 613 3983 619 3997; x_wconf 93' lang='lat'><strong>.</strong></span> <span class='ocrx_word' id='word_1_211' title='bbox 633 3983 639 3998; x_wconf 89' lang='lat'>.</span> <span class='ocrx_word' id='word_1_212' title='bbox 651 3948 776 4012; x_wconf 66' lang='lat' dir='ltr'><strong>emunit]</strong></span> <span class='ocrx_word' id='word_1_213' title='bbox 789 3949 836 3998; x_wconf 89' lang='lat' dir='ltr'><strong>See</strong></span> <span class='ocrx_word' id='word_1_214' title='bbox 895 3947 998 4010; x_wconf 78' lang='lat' dir='ltr'><strong>‘Regni</strong></span> <span class='ocrx_word' id='word_1_215' title='bbox 1005 3947 1067 4012; x_wconf 71' lang='lat' dir='ltr'><strong>rui]</strong></span> <span class='ocrx_word' id='word_1_216' title='bbox 1075 3948 1104 3998; x_wconf 83' lang='lat' dir='ltr'><strong>S.</strong></span> <span class='ocrx_word' id='word_1_217' title='bbox 1116 3950 1146 3998; x_wconf 83' lang='lat' dir='ltr'><strong>C.</strong></span> <span class='ocrx_word' id='word_1_218' title='bbox 1154 3949 1222 3999; x_wconf 83' lang='lat' dir='ltr'><strong>D.E</strong></span> <span class='ocrx_word' id='word_1_219' title='bbox 1228 3954 1251 4000; x_wconf 80' lang='lat'><strong>2.</strong></span> <span class='ocrx_word' id='word_1_220' title='bbox 1264 3950 1324 4010; x_wconf 60' lang='lat'><strong>1223</strong></span> 
     </span>
     <span class='ocr_line' id='line_1_34' title="bbox 375 4014 1068 4080; baseline -0.001 -13"><span class='ocrx_word' id='word_1_221' title='bbox 375 4018 388 4080; x_wconf 62' lang='grc' dir='ltr'><strong>ς</strong></span> <span class='ocrx_word' id='word_1_222' title='bbox 399 4022 458 4079; x_wconf 80' lang='grc'><strong>419,</strong></span> <span class='ocrx_word' id='word_1_223' title='bbox 469 4034 494 4079; x_wconf 88' lang='lat' dir='ltr'><strong>p.</strong></span> <span class='ocrx_word' id='word_1_224' title='bbox 507 4022 565 4079; x_wconf 76' lang='lat'><strong>6⁵4,</strong></span> <span class='ocrx_word' id='word_1_225' title='bbox 575 4022 632 4066; x_wconf 87' lang='lat' dir='ltr'><strong>note</strong></span> <span class='ocrx_word' id='word_1_226' title='bbox 643 4014 662 4068; x_wconf 74' lang='lat'><strong>².</strong></span> <span class='ocrx_word' id='word_1_227' title='bbox 860 4017 964 4066; x_wconf 86' lang='lat' dir='ltr'><strong>omitted</strong></span> <span class='ocrx_word' id='word_1_228' title='bbox 974 4018 1000 4066; x_wconf 92' lang='lat' dir='ltr'><strong>in</strong></span> <span class='ocrx_word' id='word_1_229' title='bbox 1012 4019 1068 4067; x_wconf 87' lang='lat' dir='ltr'><strong>El.</strong></span> 
     </span>
     <span class='ocr_line' id='line_1_35' title="bbox 409 4085 837 4150; baseline -0.007 -14"><span class='ocrx_word' id='word_1_230' title='bbox 409 4085 420 4117; x_wconf 87' lang='lat'>²</span> <span class='ocrx_word' id='word_1_231' title='bbox 442 4087 596 4150; x_wconf 63' lang='lat' dir='ltr'><strong>Videbam]</strong></span> <span class='ocrx_word' id='word_1_232' title='bbox 621 4088 671 4148; x_wconf 87' lang='lat' dir='ltr'><strong>E.;</strong></span> <span class='ocrx_word' id='word_1_233' title='bbox 695 4086 837 4147; x_wconf 84' lang='lat' dir='ltr'><strong>dicebatur,</strong></span> 
     </span>
     <span class='ocr_line' id='line_1_36' title="bbox 375 4149 1326 4223; baseline 0 -19"><span class='ocrx_word' id='word_1_234' title='bbox 375 4157 403 4206; x_wconf 86' lang='lat' dir='ltr'><strong>s.</strong></span> <span class='ocrx_word' id='word_1_235' title='bbox 417 4157 447 4206; x_wconf 85' lang='lat' dir='ltr'><strong>c.</strong></span> <span class='ocrx_word' id='word_1_236' title='bbox 460 4156 494 4207; x_wconf 82' lang='lat' dir='ltr'><strong>n.</strong></span> <span class='ocrx_word' id='word_1_237' title='bbox 506 4157 560 4206; x_wconf 77' lang='lat' dir='ltr'><strong>ns.</strong></span> <span class='ocrx_word' id='word_1_238' title='bbox 895 4149 1098 4223; x_wconf 45' lang='grc' dir='ltr'><strong>πωπω]</strong></span> <span class='ocrx_word' id='word_1_239' title='bbox 1121 4156 1154 4205; x_wconf 80' lang='lat' dir='ltr'><strong>n.</strong></span> <span class='ocrx_word' id='word_1_240' title='bbox 1170 4155 1241 4215; x_wconf 78' lang='lat' dir='ltr'><strong>rr.;</strong></span> <span class='ocrx_word' id='word_1_241' title='bbox 1260 4155 1326 4204; x_wconf 79' lang='lat' dir='ltr'><strong>eeu-</strong></span> 
     </span>
     <span class='ocr_line' id='line_1_37' title="bbox 409 4220 1271 4292; baseline 0.001 -19"><span class='ocrx_word' id='word_1_242' title='bbox 409 4220 585 4292; x_wconf 51' lang='lat' dir='ltr'><strong>mnemia]</strong></span> <span class='ocrx_word' id='word_1_243' title='bbox 597 4225 645 4274; x_wconf 87' lang='lat' dir='ltr'><strong>See</strong></span> <span class='ocrx_word' id='word_1_244' title='bbox 656 4225 767 4288; x_wconf 73' lang='lat' dir='ltr'><strong>§⁴19,p.</strong></span> <span class='ocrx_word' id='word_1_245' title='bbox 777 4227 835 4274; x_wconf 69' lang='lat'><strong>65².</strong></span> <span class='ocrx_word' id='word_1_246' title='bbox 859 4225 955 4286; x_wconf 78' lang='lat' dir='ltr'><strong>bercto,</strong></span> <span class='ocrx_word' id='word_1_247' title='bbox 966 4225 995 4274; x_wconf 77' lang='lat' dir='ltr'><strong>S.</strong></span> <span class='ocrx_word' id='word_1_248' title='bbox 1009 4226 1056 4285; x_wconf 85' lang='lat' dir='ltr'><strong>C.;</strong></span> <span class='ocrx_word' id='word_1_249' title='bbox 1073 4222 1225 4286; x_wconf 84' lang='lat' dir='ltr'><strong>desiderato,</strong></span> <span class='ocrx_word' id='word_1_250' title='bbox 1237 4224 1271 4274; x_wconf 89' lang='lat' dir='ltr'><strong>D.</strong></span> 
     </span>
    </p>
   </div>
   <div class='ocr_carea' id='block_1_10' title="bbox 0 0 1580 4970">
    <p class='ocr_par' dir='ltr' id='par_1_10' title="bbox 0 0 1580 4970">
     <span class='ocr_line' id='line_1_38' title="bbox 0 0 1580 4970; baseline 0 1"><span class='ocrx_word' id='word_1_251' title='bbox 0 0 1580 4970; x_wconf 95' lang='lat' dir='ltr'><strong> </strong></span> 
     </span>
    </p>
   </div>
  </div>
 </body>
</html>
