3152 4970
227 491 296 543 mn.
313 476 365 557 u]
453 491 567 540 onsrn
591 492 718 540 ancon
743 489 957 541 suenorum
1112 478 1178 543 657

228 641 383 712 ¹illorum
407 648 648 732 episcoporum
674 655 710 711 et
735 647 961 712 cardinalium
984 649 1057 732 qui,
1085 670 1176 732 pree·
1189 669 1310 712 conterret

227 755 329 831 cepto
345 749 474 813 domini
489 767 591 830 papae
607 747 801 824 PaschaliS,
811 747 1030 830 privilegium
1045 756 1080 812 et
1091 751 1177 814 ami·
1191 721 1326 814 iiiiii&

228 847 346 911 citiam
370 848 510 912 domino
539 847 695 910 Henrico
732 846 932 929 imperatori
959 857 1177 913 sacramento
1191 822 1256 872 ΡΨ]
1264 833 1307 864 ‘⁰⁹'

229 946 541 1010 confirmaverunt:
581 945 714 1010 Petrus
747 945 953 1010 Portuensis
982 948 1178 1031 episcopus,

230 1044 375 1109 Gentius
392 1045 593 1109 Sabinensis
610 1045 805 1127 episcopus,
823 1044 1000 1108 Robertus
1020 1048 1178 1112 cardina·

229 1143 274 1208 lis
301 1145 414 1209 sancti
442 1143 597 1220 Eusebii,
622 1143 831 1207 Bonefacius
856 1143 1040 1208 cardinalis
1066 1148 1178 1211 sancti

233 1243 358 1321 Marci,
383 1241 593 1307 Anastasius
622 1242 808 1306 cardinalis
838 1244 950 1307 sancti
976 1243 1178 1324 clementie,

232 1341 424 1424 Gregorius
442 1342 627 1406 cardinalis
643 1342 879 1423 apostolorum
897 1341 994 1407 Petri
1011 1350 1047 1406 et
1062 1343 1178 1422 Pauli,

231 1442 314 1504 item
333 1441 524 1523 Gregorius
546 1441 732 1504 cardinalis
754 1440 866 1504 sancti
883 1440 1101 1523 chrisogoni,
1115 1443 1139 1506 J
1141 1465 1179 1507 o-

231 1540 363 1604 hannes
376 1540 561 1604 cardinalis
581 1545 712 1602 sanctae
730 1539 963 1616 Potentianae,
979 1540 1086 1604 Risus
1104 1561 1179 1605 car-

231 1639 356 1704 dinalis
396 1639 509 1730 sancti
554 1636 746 1715 Laurentii,
782 1637 953 1701 Reinerus
993 1640 1178 1704 cardinalis

233 1745 430 1802 sanctorum
469 1736 666 1802 Marcellini
698 1743 734 1800 et
767 1735 876 1813 Petri,
907 1737 1037 1801 Vitalis
1067 1740 1178 1804 cardi·

233 1837 322 1900 nalis
350 1844 481 1901 sanctae
514 1836 683 1912 Balbinae‚
708 1835 827 1899 Teuzo
853 1835 1036 1900 cardinalis
1066 1840 1179 1902 sancti

234 1936 360 2014 Marci,
375 1936 591 2000 'l'hetbaldus
617 1934 803 1999 cardinalis
817 1933 841 1998 J
844 1934 990 1999 ohannis
1011 1944 1046 2001 et
1061 1936 1177 2015 Pauli,

232 2035 413 2099 lohannes
429 2027 641 2099 decanus²in
657 2033 783 2098 Schola
794 2032 933 2111 Graeca,
945 2034 1017 2098 Leo
1026 2035 1176 2100 decanus

233 2135 345 2198 sancti
362 2135 505 2211 Vitalis‚
520 2132 613 2198 Albo
628 2134 780 2197 decanus
796 2132 910 2215 Sergii
926 2141 962 2197 et
976 2135 1099 2198 Bachi.

283 2234 301 2318 §
317 2233 394 2298 422.
419 2234 502 2316 Ipse
516 2234 621 2297 etiarn
634 2253 698 2296 rex
712 2232 777 2296 hoc
795 2240 1051 2296 sacramentum
1070 2233 1174 2297 fecit:

234 2333 335 2414 ‘Ego
359 2332 535 2397 Henricus
557 2352 621 2396 rex
637 2333 763 2395 liberos
779 2332 962 2409 dimittam,
978 2340 1104 2413 quarta
1120 2333 1175 2396 vel

233 2433 356 2515 quinta
370 2431 457 2495 feria
466 2432 639 2514 proxima,
653 2438 689 2495 et
703 2430 877 2495 dominum
898 2450 1038 2513 papam,
1051 2439 1087 2496 et
1103 2432 1176 2514 epi·

232 2550 357 2613 scopos
372 2538 407 2594 et
421 2531 626 2607 cardinales
642 2538 678 2594 et
688 2548 806 2593 omnes
820 2530 978 2612 captivos
992 2537 1027 2594 et
1040 2529 1176 2595 obsides

233 2631 294 2712 qui
311 2649 374 2713 pro
391 2650 432 2695 eo
448 2630 505 2695 vel
530 2649 608 2693 curn
626 2649 667 2693 eo
683 2630 778 2711 capti
794 2635 888 2706 sunt,
906 2636 941 2692 et
958 2648 1077 2693 secure
1099 2630 1177 2712 per'-

232 2729 311 2794 duci
328 2728 453 2793 faciam
469 2730 562 2793 intra
577 2725 697 2812 portas
714 2728 986 2792 Transtiberinae
1003 2727 1176 2807 civitatis;

232 2821 314 2892 ³nec
330 2828 475 2893 ulterius
493 2828 641 2910 capiam,
652 2833 714 2890 aut
725 2827 803 2910 capi
820 2827 1031 2909 permittam,
1042 2847 1102 2892 eos
1117 2829 1178 2910 qui

233 2927 268 2991 in
295 2927 462 2992 fidelitate
483 2928 613 2992 domini
628 2945 729 3009 papae
748 2925 929 2989 Paschalis
953 2934 1176 3008 permanent:

234 3034 270 3090 et
284 3019 430 3110 ⁴populo
448 3026 608 3090 Romano
622 3032 658 3088 et
674 3024 945 3088 Transtiberinae
960 3025 1095 3090 civitati
1115 3045 1178 3108 pa-

212 3145 305 3190 cem
331 3133 367 3189 et
383 3125 605 3188 securitatem
631 3124 791 3199 servabo,
808 3128 879 3185 tam
906 3142 968 3204 per
992 3143 1048 3186 me
1073 3143 1178 3206 quam

232 3244 294 3306 per
316 3241 424 3299 meos,
440 3223 476 3284 in
500 3220 671 3303 personis,
684 3221 744 3303 qui
765 3239 886 3302 pacem
908 3216 992 3283 mihi
1016 3240 1178 3286 servave-

233 3323 314 3385 rint.
367 3321 554 3385 Dominum
571 3339 697 3403 papam
711 3318 858 3382 fideliter
873 3319 1046 3402 adjuvabo
1061 3328 1100 3384 ut
1116 3341 1179 3403 pa-

232 3429 353 3504 patum
366 3440 467 3485 suum
478 3421 593 3502 quiete
610 3427 645 3482 et
661 3436 780 3482 secure
798 3424 926 3481 teneat.
963 3418 1180 3492 Patrimonia

232 3528 268 3584 et
294 3520 531 3602 possessiones
565 3518 734 3582 Romanae
763 3517 918 3582 ecclesiae
945 3537 1024 3600 quae
1051 3519 1181 3584 abstuli

233 3619 427 3697 restituam,
443 3626 479 3684 et
495 3625 622 3683 cuncta
639 3637 717 3699 quae
740 3616 867 3680 habere
880 3616 982 3681 debet
999 3637 1094 3685 more
1117 3639 1179 3684 an·

267 3903 412 3976 Hilarum]
430 3907 464 3959 A.
483 3908 512 3957 S.
532 3909 562 3959 C.
582 3908 618 3960 D.
639 3910 702 3964 132„
718 3908 828 3969 version,
848 3907 918 3956 there
948 3908 1039 3970 taught
1065 3908 1181 3959 rhetoric.

231 3980 303 4037 1223
320 3977 423 4026 omitted
434 3979 460 4026 in
472 3979 496 4025 E
505 3981 528 4027 l.
719 3976 878 4043 (Lumisden,
889 3972 959 4039 318.)

266 4045 316 4096 ’lu
324 4047 412 4096 Schola
420 4047 590 4108 Gramma
599 4044 694 4094 church
755 4043 766 4076 ⁸
789 4047 842 4094 Nec
865 4045 969 4094 ulterius
1062 4046 1181 4110 civitati]

232 4118 261 4165 ol
278 4118 305 4166 S.
318 4117 402 4165 Maria
420 4117 445 4164 in
462 4115 555 4165 Scuolc
571 4115 656 4164 Greca
671 4114 694 4162 is
721 4116 750 4166 S.
765 4116 794 4164 Ο.
807 4115 842 4164 D.
853 4116 901 4174 E.;
918 4115 1022 4162 omitted
1032 4116 1059 4163 in
1070 4114 1170 4166 Ml.

232 4201 261 4235 so
278 4185 360 4234 called
377 4186 441 4234 lronr
464 4199 480 4232 a
501 4185 620 4233 tradition
641 4183 696 4231 that
756 4181 765 4211 ⁴
788 4185 883 4247 Populo
905 4185 1036 4246 Rouana]
1060 4185 1089 4236 S.
1101 4199 1109 4246 ;
1138 4201 1183 4250 pc·
1242 4183 1247 4192 '

232 4257 270 4304 St.
289 4256 447 4329 Augustine,
470 4254 553 4304 helore
575 4254 616 4302 his
638 4267 696 4310 oon·
720 4255 775 4316 puli
787 4253 903 4316 Romani,
915 4254 945 4304 C.
957 4253 992 4304 D.
1004 4255 1038 4304 E.
