3104 4974
426 493 492 558 418
642 509 755 556 cnsrn
779 509 905 559 neuun
930 507 1144 558 suenorum
1220 495 1306 575 [ure.
1324 513 1376 560 ιιι.

428 672 541 726 torum
554 663 660 727 verba
674 662 931 727 balbutiebant:
956 663 1091 744 stupori
1114 670 1190 727 erat
1211 671 1247 728 et
1270 668 1375 731 mira·

428 763 506 826 culo
522 762 656 824 caeteris
672 762 730 843 qui
746 761 1004 842 grammaticam
1017 769 1146 826 nosset.
1195 763 1373 844 Monachi,

428 861 612 924 subtilibus
641 859 850 924 indumentis
881 867 917 923 et
944 860 1152 926 indifferenti
1177 881 1302 942 genere
1324 866 1375 928 ci-

428 961 562 1036 borum,
583 959 740 1040 regulam
764 959 1000 1024 ludificabant.
1054 959 1262 1040 Optimates,
1283 963 1375 1042 gulae

428 1065 464 1122 et
477 1059 596 1123 veneri
612 1057 730 1136 dediti,
747 1058 928 1123 ecclesiam
945 1077 1039 1128 more
1058 1057 1257 1123 Christiano
1273 1054 1374 1124 mane

428 1176 497 1220 non
520 1156 683 1235 adibaut3
717 1156 778 1220 sed
804 1157 840 1220 in
863 1155 1035 1232 cubiculo,
1054 1164 1091 1228 et
1115 1157 1206 1222 inter
1231 1160 1374 1223 uxorios

428 1255 622 1336 amplexus,
648 1256 894 1319 matutinarum
928 1255 1095 1319 solemnia
1127 1264 1163 1318 et
1189 1256 1372 1323 missarum

429 1373 451 1416 a
466 1353 653 1418 festinante
675 1354 876 1436 presbytero
893 1354 1033 1417 auribus
1049 1359 1183 1418 tantum
1206 1355 1372 1419 libabant.

429 1451 580 1533 Vulgus,
596 1452 633 1515 in
655 1453 766 1518 medio
789 1451 998 1534 expositum,
1012 1453 1131 1534 praeda
1153 1461 1229 1516 erat
1253 1462 1375 1534 poten-

428 1549 586 1627 tioribus,
603 1558 654 1624 ut,
671 1551 727 1616 vel
741 1551 859 1614 eorum
881 1551 1086 1616 substantiis
1109 1550 1301 1629 exhaustis,
1317 1553 1374 1625 ¹vel

428 1647 533 1712 etiam
555 1649 755 1731 corporibus
776 1649 814 1712 in
834 1649 1043 1731 longinquas
1060 1657 1170 1716 terras
1187 1651 1374 1728 distractis

428 1765 571 1811 acervos
586 1747 825 1813 thesaurorum
838 1755 1075 1830 congererent,
1088 1767 1286 1830 quanquam
1300 1769 1375 1814 ma·

428 1846 483 1927 gis
511 1845 702 1927 ingenitum
739 1848 786 1911 sit
820 1846 871 1909 illi
900 1847 997 1928 genti
1028 1847 1372 1912 commessationibus

428 1963 533 2026 quam
551 1938 691 2028 lopibus
708 1945 853 2010 inhiare.
905 1944 998 2008 Illud
1021 1952 1097 2009 erat
1119 1965 1141 2008 a
1167 1953 1292 2010 natura
1311 1948 1373 2010 ab·

429 2041 583 2118 horrens,
598 2045 690 2126 quod
706 2043 806 2108 multi
823 2043 967 2108 ancillas
984 2063 1066 2108 suas
1082 2063 1127 2106 ex
1145 2063 1182 2106 se
1197 2045 1372 2125 gravidas,

428 2142 488 2205 ubi
505 2143 638 2206 libidini
661 2134 921 2218 satisfecissent,
945 2142 1073 2206 autad
1096 2143 1272 2224 publicum
1292 2163 1374 2225 pro·

428 2241 594 2305 stibulum
616 2249 678 2306 aut
703 2241 748 2306 ad
771 2235 969 2305 ²externum
992 2243 1194 2323 obsequium
1215 2242 1373 2306 vendita-

428 2340 525 2404 bant.
578 2333 789 2404 ³Potabatur
810 2341 846 2403 in
871 2360 1050 2404 commune
1071 2342 1115 2402 ab
1140 2341 1310 2416 omnibus,
1335 2342 1372 2404 in

429 2436 494 2500 hoc
508 2438 623 2501 studio
639 2446 759 2503 noctes
780 2438 921 2520 perinde
934 2445 975 2502 ut
988 2439 1061 2502 dies
1076 2439 1372 2521 perpetuantibus.

430 2535 555 2600 Parvis
583 2543 619 2600 et
650 2529 794 2619 abjectis
824 2538 981 2601 domibus
1009 2545 1101 2602 totos
1129 2530 1374 2603 4absumebant

428 2641 606 2716 sumptus;
635 2634 778 2700 Francis
802 2643 837 2700 et
864 2636 1075 2699 Normannis
1103 2636 1288 2713 absimiles
1313 2638 1373 2718 qui

429 2734 553 2815 amplis
589 2740 624 2798 et
654 2735 810 2817 superbis
838 2734 992 2798 aedificiis
1020 2735 1171 2812 modicas
1201 2754 1372 2816 expensas

429 2839 551 2914 agunt.
602 2833 842 2914 Sequebantur
858 2833 944 2898 vitia
966 2833 1142 2897 ebrietatis
1164 2832 1270 2910 socia,
1295 2853 1374 2914 quae

427 2931 580 2995 virorum
606 2932 737 2996 animos
764 2931 984 2999 effaeminant.
1037 2931 1131 2995 Hinc
1156 2931 1374 3010 factumest,

428 3036 479 3107 ut,
506 3031 618 3112 magis
644 3031 837 3096 temeritate
869 3038 905 3095 et
930 3031 1044 3094 furore
1073 3030 1244 3112 praecipiti
1269 3049 1374 3112 quam

427 3129 572 3193 scientia
597 3129 739 3194 militari
753 3129 930 3195 Willelmo
952 3129 1138 3210 congressi,
1156 3149 1225 3192 uno
1241 3129 1374 3211 praelio,

428 3235 464 3292 et
479 3229 556 3310 ipso
570 3229 740 3312 perfacili,
755 3229 914 3294 servituti
931 3248 968 3293 se
983 3228 1199 3310 patriamque
1225 3247 1371 3310 pessun-

428 3326 596 3393 dederint.
656 3327 755 3392 Nihil
788 3327 878 3392 enim
911 3328 1105 3391 temeritate
1140 3326 1274 3406 levius3
1312 3328 1372 3392 sed

428 3426 591 3509 quicquid
621 3447 699 3490 cum
723 3429 854 3509 impetu
884 3427 1037 3502 inchoat,
1070 3427 1139 3489 cito
1164 3425 1291 3488 desiuit
1316 3421 1373 3489 vel

427 3526 666 3608 compescitur.
718 3523 776 3588 Ad
808 3544 989 3602 summam,
1013 3519 1114 3589 ⁵tunc
1145 3530 1246 3588 eraut
1267 3521 1376 3606 Angli

462 3829 470 3860 ¹
493 3827 612 3900 Opibus]
630 3832 663 3882 A.
685 3835 714 3884 C.
735 3834 770 3884 D.
787 3835 819 3883 E.
839 3836 886 3895 1..;
910 3836 1139 3900 perpetuantibus]
1163 3837 1210 3886 See
1238 3837 1251 3898 ς
1272 3840 1330 3897 149,
1349 3851 1375 3898 p.

426 3903 554 3964 operibus,
570 3904 599 3952 S.
912 3909 969 3954 237.

462 3969 473 4001 ²
483 3973 622 4022 Externum
632 3972 769 4035 obsequium
779 3973 888 4021 venditu·
949 3971 958 4000 ⁴
968 3973 1154 4038 Absumebunt.]
1173 3975 1201 4024 S.
1222 3976 1252 4025 C.
1270 3976 1306 4024 D.
1326 3975 1357 4024 Ε.
1367 3991 1375 4034 3

427 4037 507 4109 tant]
521 4043 551 4091 0.
564 4042 599 4092 D.
611 4043 643 4091 E.
652 4042 683 4090 L.
693 4058 701 4103 ;
712 4047 833 4092 eternum
845 4045 888 4092 cb·
913 4043 1109 4106 abliguriebant,
1119 4045 1151 4092 1..

426 4112 543 4171 sequium
554 4112 731 4174 vendicabant,
741 4112 774 4162 A.
785 4111 813 4160 S.
839 4112 887 4161 See
948 4109 958 4138 ⁵
971 4113 1038 4160 Tunc
1053 4117 1122 4162 aaut
1132 4112 1212 4174 Angli
1231 4147 1238 4160 .
1252 4148 1259 4162 .
1272 4149 1278 4162 .
1297 4113 1377 4174 irmig-

425 4185 483 4234 note
494 4178 512 4240 ¹,
523 4197 549 4242 p.
561 4185 602 4232 6³.
913 4176 986 4248 utut]
1015 4181 1078 4232 This
1098 4181 1252 4242 description
1279 4183 1308 4230 of
1331 4181 1375 4230 the

461 4247 472 4278 ³
489 4250 626 4300 Petebatur
648 4249 674 4297 tn
694 4265 815 4300 commune
839 4285 845 4298 .
860 4285 887 4300 ..
914 4250 1021 4313 English
1032 4256 1099 4302 must
1109 4252 1175 4302 refer
1184 4258 1211 4300 to
1221 4251 1264 4301 the
1275 4251 1376 4301 ancient
