3148 4982
233 489 387 572 maur]
460 505 575 554 casm
598 505 724 553 ancon
749 507 963 556 ANGLORUM·
1120 493 1184 556 461

233 681 295 724 rex
312 662 493 726 Danorum
507 656 579 749 (¹ut
595 663 876 753 supradiximus)
890 666 1095 728 interemtus
1112 673 1185 745 est3

234 780 303 844 quo
332 761 515 826 Sarraceni
546 762 699 844 Hispani
730 761 766 825 in
795 764 1011 829 Christianos
1041 764 1185 844 efferati,

234 879 317 923 mox
341 862 386 925 ab
413 860 603 926 Aldefonso
626 882 707 944 rege
729 862 889 927 Galliciae
913 864 958 927 ad
984 883 1049 928 sua
1075 865 1185 928 redire

235 959 357 1038 coacti,
374 962 478 1024 etiam
500 961 643 1026 urbibus
662 981 750 1045 quas
772 964 855 1028 olim
878 971 1062 1028 tenuerant
1085 965 1185 1029 inviti

235 1078 377 1124 cessere.

288 1159 395 1242 §283.
423 1157 571 1243 Corpus,
585 1161 680 1243 regio
699 1161 834 1227 solenni
856 1169 1026 1240 curatum,
1046 1181 1108 1243 per
1125 1161 1323 1227 Sereana

236 1277 387 1341 quanam
403 1258 595 1324 Cadomum
610 1261 783 1341 delatum3
807 1261 855 1326 ibi
876 1281 1005 1342 magna
1024 1261 1184 1344 frequen·

238 1359 288 1423 tia
309 1359 557 1438 ordinatorum,
572 1361 739 1426 laicorum
762 1380 886 1444 pauca,
900 1361 994 1424 humi
1010 1360 1185 1426 traditum.

238 1457 429 1524 Varietatis
458 1459 617 1522 humanae
648 1468 731 1525 tunc
759 1460 826 1525 fuit
855 1461 971 1525 videre
1000 1460 1186 1540 miseriam,

238 1558 330 1640 quod
347 1559 449 1624 homo
472 1559 531 1623 ille
547 1561 653 1624 totius
675 1561 757 1624 olim
775 1561 925 1643 Europae
946 1561 1068 1640 honor,
1087 1567 1186 1626 ante·

239 1677 482 1741 cessorumque
509 1679 650 1723 suorum
680 1661 831 1723 omnium
858 1662 1044 1744 potentior,
1068 1660 1184 1724 sedem

239 1765 377 1822 aeternae
391 1759 635 1842 requiescionis
648 1761 723 1823 sine
737 1762 910 1824 calumnia
918 1761 1101 1843 impetrare
1115 1781 1186 1824 non

240 1859 374 1939 potuit:
391 1878 539 1942 namque
552 1853 664 1924 ²miles
675 1860 828 1942 quidam,
843 1860 888 1924 ad
904 1861 1003 1945 cujus
1019 1861 1185 1943 patrimo-

240 1958 332 2020 nium
346 1959 443 2022 locus
457 1959 516 2023 ille
529 1959 754 2041 pertinuerat,
771 1960 866 2024 clara
883 1967 1083 2025 contestans
1100 1978 1185 2024 voce

242 2059 409 2139 rapinam,
425 2058 640 2140 sepulturam
654 2059 815 2137 inhibuit,
836 2060 964 2135 dicens,
981 2058 1089 2123 Avito
1105 2059 1185 2142 jure

240 2157 351 2221 solum
376 2177 477 2221 suum
498 2178 586 2236 esse,
612 2179 676 2222 nec
699 2160 796 2222 illum
820 2161 857 2222 in
885 2159 961 2223 loco
986 2177 1087 2240 quem
1116 2159 1187 2222 vio-

240 2256 350 2320 lenter
372 2258 548 2321 invaserat
573 2277 721 2341 pausare
746 2258 880 2322 debere.
933 2256 1107 2336 Quocirca
1128 2277 1187 2321 vo-

241 2357 332 2419 lente
357 2355 514 2420 Henrico
534 2358 618 2435 filio,
644 2359 704 2440 qui
727 2358 822 2421 solus
848 2377 891 2420 ex
916 2356 1034 2420 liberis
1056 2357 1186 2436 aderat,

240 2462 377 2519 centum
406 2456 504 2520 librae
533 2459 671 2539 argenti
685 2505 689 2512 .
702 2458 870 2539 litigatori
902 2456 1088 2540 persolutae
1124 2477 1187 2521 au·

239 2554 358 2620 dacem
383 2557 591 2620 calumniam
620 2575 879 2638 compescuere:
904 2577 983 2620 nam
1007 2564 1090 2621 tunc
1112 2557 1185 2623 Ro·

238 2655 355 2719 bertus
381 2658 631 2738 primogenitus
655 2657 692 2719 in
718 2656 866 2720 Francia
892 2665 1014 2720 contra
1037 2657 1186 2740 patriam

241 2755 412 2835 bellabat3
437 2755 646 2834 Willelmus,
672 2763 856 2837 antequam
879 2757 983 2838 plane
1005 2765 1105 2838 pater
1126 2777 1187 2820 ex·

240 2856 398 2937 spiraret,
429 2854 594 2937 Angliam
623 2856 882 2937 enavigaverat,
909 2856 1030 2920 utilius
1058 2856 1186 2920 ducens

238 2955 310 3018 suis
323 2956 360 3018 in
375 2962 552 3037 posterum
568 2955 755 3020 commodis
770 2957 978 3038 prospicere,
992 2975 1097 3038 quam
1110 2949 1186 3019 ³ob-

238 3054 365 3137 sequiis
376 3055 513 3136 paterni
527 3056 681 3136 corporis
700 3056 876 3119 interesse.
931 3054 1053 3132 Porro,
1067 3055 1104 3118 in
1119 3055 1186 3118 dis-

239 3153 419 3236 pertienda
434 3154 582 3236 pecunia
597 3174 660 3218 nec
681 3155 798 3236 segnis
813 3173 876 3217 nec
898 3171 1037 3234 parcuS,
1051 3172 1186 3216 omnem

237 3253 336 3317 illum
351 3254 552 3316 thesaurum
565 3252 756 3327 Wintoniae
779 3254 863 3317 totis
883 3252 982 3315 annis
1006 3253 1105 3333 regni
1126 3271 1186 3317 cu-

238 3353 406 3416 mulatum
420 3353 464 3415 ab
480 3353 615 3416 arcanis
630 3351 792 3416 sacrariis
807 3351 896 3415 eruit
911 3352 947 3414 in
965 3350 1096 3433 lucem3
1113 3372 1185 3416 mo-

238 3454 397 3517 nasteriis
413 3471 545 3528 aurum,
558 3452 711 3516 ecclesiis
728 3451 922 3533 agrestibus
939 3451 1069 3517 solidos
1085 3453 1186 3536 quin·

238 3572 305 3635 que
328 3554 475 3634 argenti,
496 3552 681 3634 unicuique
707 3571 799 3634 pago
823 3560 961 3615 centum
983 3553 1090 3616 libras
1105 3554 1188 3617 viri·

238 3653 299 3714 tim
323 3653 441 3733 egenis
475 3651 690 3727 dividendas,
720 3650 879 3733 largitus.
934 3651 1051 3716 Patris
1082 3653 1188 3716 etiam

272 3940 281 3973 ¹
297 3944 333 3993 Ut
342 3957 416 4006 supra
431 3941 561 4005 dicimus]
580 3942 663 4004 §261‚
674 3957 699 4002 p.
726 3939 817 4007 (L'Art
828 3940 860 3988 de
870 3937 940 3988 veris.
949 3939 987 3987 les
998 3938 1086 3996 Dates,
1097 3950 1126 3988 11.
1134 3933 1188 4000 85.)

237 4016 295 4064 438.
325 4013 499 4074 Mslmesbury
521 4012 581 4061 here
602 4010 701 4060 follows
760 4008 858 4058 9Μίὶιέ
876 4008 998 4072 quidum]
1015 4007 1065 4056 His
1079 4021 1152 4056 name
1165 4007 1188 4055 is

238 4083 280 4131 the
298 4083 382 4132 Saron
399 4081 544 4144 Chronicle‚
560 4081 644 4130 which
662 4096 702 4130 re-
725 4079 842 4142 reported
867 4083 893 4126 to
918 4077 982 4126 have
1006 4078 1070 4126 been
1087 4077 1188 4127 Asselin

238 4152 288 4202 fers
305 4154 348 4202 the
363 4152 440 4201 death
451 4152 480 4201 of
488 4152 558 4203 Gnut
574 4156 600 4199 to
619 4154 700 4200 1⁰8⁷:
728 4149 899 4198 Fila-Arthnr.

239 4223 285 4271 but
303 4224 354 4272 this
372 4227 446 4272 event
463 4222 553 4272 should
578 4223 608 4269 be
631 4222 701 4270 attri·
762 4217 772 4248 ³
792 4210 943 4284 obsequiis]
969 4219 998 4267 C.
1018 4217 1051 4266 E.
1074 4216 1121 4276 L.;
1144 4231 1189 4264 ex-

238 4293 316 4342 buted
345 4299 370 4343 to
400 4293 441 4341 the
468 4291 604 4353 preceding
632 4306 701 4352 year.
727 4287 863 4351 equitari.
876 4287 904 4337 S.
917 4286 952 4337 D.
1091 4301 1094 4306 ·
