3152 4970
226 444 294 492 mn.
311 427 368 508 11.]
517 443 691 494 nrsronm
714 446 890 494 rvovnnnn.
1110 431 1176 496 725

223 600 435 666 reclinabat:
455 600 643 679 Robertus,
661 600 860 666 Christiana
874 599 1004 683 pietate
1018 599 1175 684 insignis,

222 699 260 762 in
279 699 399 764 Sancti
421 700 571 783 Spiritus
591 709 626 765 et
642 698 790 765 dominae
815 707 946 765 sanctae
964 700 1089 765 Mariae
1112 721 1175 784 pa·

223 800 370 863 trocinio
384 806 479 865 totus
494 800 665 884 pendulus
682 808 769 866 erat.
814 799 881 864 Ille
899 801 935 862 in
952 806 1028 864 tota
1045 799 1173 880 Gallia,

224 905 260 962 et
274 899 400 980 partim
413 900 450 962 in
466 898 655 964 Germania
672 907 707 965 et
722 899 933 977 Brittannia,
942 898 1096 966 fautores
1112 900 1174 965 ha·

222 999 321 1076 bens,
344 1018 481 1064 omnem
507 1000 612 1063 etiam
636 999 831 1065 Romanam
857 999 1005 1081 plebem,
1026 1008 1173 1084 excepto

220 1104 359 1176 senatu,
383 1099 581 1164 muneribus
609 1098 675 1162 sibi
697 1098 921 1163 devinxerat:
945 1099 1023 1176 iste,
1047 1107 1174 1183 praeter

223 1198 451 1280 paucissimos
466 1198 526 1281 qui
542 1198 621 1262 fidei
634 1198 807 1281 quondam
825 1197 956 1280 juratae
970 1218 1039 1261 non
1053 1199 1172 1263 imme·

224 1316 337 1362 mores
349 1305 448 1362 erant
461 1298 498 1360 in
516 1296 656 1380 Anglia,
671 1298 856 1381 optimates
872 1298 928 1361 vel
948 1298 1172 1363 adversantes

223 1397 280 1461 vel
294 1396 379 1460 nihil
401 1397 608 1480 adjuvantes
630 1405 794 1479 expertus
809 1404 874 1461 est.
925 1395 1073 1481 Appulit
1089 1418 1172 1480 ergo

223 1494 452 1560 Arundellum
463 1517 484 1577 3·
502 1497 620 1579 ibique
633 1515 792 1562 novercae
813 1515 898 1572 suae,
913 1515 1029 1579 quam,
1044 1498 1173 1562 amissa

223 1601 334 1659 matre
356 1596 586 1678 imperatricis
609 1594 668 1681 (ut
688 1594 855 1678 praefatus
877 1593 983 1680 sum),
998 1594 1172 1660 Henricus

221 1713 285 1758 rex
302 1695 477 1777 quondam
490 1695 581 1759 lecto
595 1694 831 1777 copulaverat,
846 1701 924 1759 tuta
937 1691 995 1782 (nt
1007 1693 1173 1781 putabat)

132 1875 134 1879 Ι
222 1794 380 1859 custodia
410 1813 563 1859 sororem
590 1794 728 1859 interim
757 1795 944 1875 delegavit.
996 1794 1079 1879 Ipse
1111 1816 1173 1878 per

224 1900 295 1958 tam
320 1893 510 1959 confertam
530 1895 735 1972 barbariem,
761 1895 822 1958 vix
849 1893 931 1957 dum
955 1892 1013 1978 (ut
1037 1892 1172 1980 audivi)

223 1993 405 2057 duodecim
418 1993 583 2060 militibus
599 1994 796 2071 comitatuS,
812 1994 954 2057 Bristou
970 1995 1170 2075 contendit3

223 2099 423 2157 occurrente
446 2094 513 2157 sibi
528 2093 641 2158 medio
655 2094 788 2157 itineris
804 2093 934 2159 Briano
948 2093 1019 2159 filio
1036 2095 1171 2159 comitis

224 2212 269 2256 ex
285 2192 546 2276 walengeford.
598 2193 675 2258 Nee
702 2193 812 2256 multo
829 2200 910 2276 post
928 2195 1092 2275 cognovit
1113 2213 1171 2258 so·

219 2312 335 2358 rorem
362 2312 408 2356 ex
435 2290 626 2358 Arundello
657 2292 867 2376 profectam3
899 2311 1049 2357 noverca
1079 2295 1170 2357 enim

223 2391 386 2456 foeminea
406 2392 549 2458 levitate
570 2392 684 2469 fidem,
713 2393 840 2457 totiens
866 2393 972 2464 etiam
997 2393 1111 2458 missis
1133 2395 1170 2458 in

224 2491 476 2557 Normanniam
489 2491 623 2556 nunciis
635 2492 850 2574 promissam,
865 2490 1046 2557 fefellerat.
1097 2493 1170 2556 De-

223 2591 275 2656 dit
298 2611 360 2655 rex
376 2585 385 2624 ¹
392 2611 495 2676 porro
519 2591 730 2676 imperatrici
744 2591 994 2655 Wintoniensis
1018 2591 1171 2675 episcopi

224 2690 371 2756 Henrici
388 2699 423 2757 et
439 2692 575 2756 comitis
590 2691 830 2755 Mellentensis
843 2690 1062 2756 Walleranni
1088 2711 1170 2756 con-

222 2789 365 2855 ductum
378 2811 387 2872 3
404 2812 506 2875 quem
520 2792 673 2869 cuilibet,
688 2790 848 2875 quamvis
860 2789 1082 2856 infestissimo
1103 2791 1169 2856 ini·

221 2891 323 2969 mico,
347 2910 475 2973 negare
498 2891 723 2955 laudabilium
745 2891 893 2955 militum
915 2877 990 2955 mos
1009 2911 1080 2954 non
1104 2899 1167 2956 est.

223 2989 269 3054 Et
292 2990 546 3054 Wallerannus'
567 2990 705 3072 quidem
732 2990 826 3053 ultra
851 2988 995 3052 Caluam
1028 2988 1169 3054 tendere

221 3090 427 3172 supersedit,
453 3090 617 3172 episcopo
648 3089 685 3150 in
712 3087 884 3152 conductu
911 3096 1167 3170 perseverante.

222 3186 419 3253 Contractis
433 3207 518 3270 ergo
543 3206 658 3252 comes
680 3187 837 3251 celeriter
860 3187 969 3268 copiis
989 3187 1033 3250 ad
1057 3194 1168 3252 metas

221 3306 243 3350 a
268 3306 349 3368 rege
373 3287 474 3351 datas
507 3287 660 3362 advenit,
692 3304 912 3378 sororemque
936 3277 998 3349 ²ad
1026 3285 1167 3350 Briston

220 3386 329 3451 tutior
350 3385 526 3470 perduxit.
578 3385 725 3468 Recepit
746 3385 843 3448 illam
866 3391 989 3466 postea
1007 3385 1046 3448 in
1063 3384 1169 3450 Gloe-

219 3493 367 3552 cestram
394 3485 494 3564 Milo,
516 3485 576 3569 qui
599 3484 779 3572 castellum
809 3484 962 3567 ejusdem
983 3484 1078 3549 urbis
1103 3487 1168 3549 sub

219 3586 343 3652 comite
367 3585 517 3650 babebat
541 3593 694 3668 tempore
717 3585 809 3665 regis
836 3583 994 3661 Henrici,
1022 3584 1104 3650 dato
1136 3585 1168 3649 ei

219 3684 381 3768 homagio
404 3693 440 3750 et
464 3685 641 3749 fidelitatis
670 3691 906 3749 sacramento:
940 3702 1019 3747 nam
1048 3683 1168 3752 eaden

219 3785 342 3850 civitas
358 3793 464 3868 capnt
477 3791 530 3849 est
546 3785 600 3848 sui
614 3784 811 3848 comitatus.

257 4090 264 4121 ¹
287 4095 401 4161 Porro]
424 4097 480 4158 E.;
503 4111 573 4160 ergo,
595 4095 624 4147 S.
647 4097 682 4146 D.
745 4090 1083 4154 ’AdBrirtoututior.]E.;
1100 4089 1169 4138 Bris-

213 4163 274 4216 Μ.
514 4168 517 4176 ’
554 4181 557 4186 ·
689 4183 690 4186 ’
709 4170 774 4214 torve
785 4164 819 4214 ad
829 4164 932 4225 tutiora,
943 4162 972 4212 S.
983 4161 1018 4210 D.
1033 4160 1085 4216 [ιθ.

960 4301 1018 4366 dn
