3152 4970
222 511 291 558 nm.
311 495 369 578 u.]
515 514 687 563 nuncius
710 513 887 562 Novanus.
1109 496 1175 561 717

222 669 327 736 tiam:
368 670 459 734 ‘Per
490 670 663 735 dominam
695 691 807 736 meam
837 669 1001 736 sanctam
1024 670 1174 735 Mariam

223 768 356 855 (nescio
370 789 440 853 qno
464 768 585 856 pacto)
599 772 791 835 reluctatur
805 790 903 835 mens
918 791 995 835 mea
1017 770 1097 834 huic
1119 771 1176 834 iti·

225 869 320 934 neri!
361 868 441 934 Hoc
458 871 542 948 scio,
558 871 649 953 quod
666 871 742 956 ejus
758 870 920 935 utilitatis
939 890 999 935 ero
1012 869 1174 947 incuria,

224 967 324 1051 cujus
340 976 394 1034 est
409 970 555 1052 equinus
577 970 694 1053 pullus
719 969 755 1033 in
775 969 917 1053 pugna?
969 969 1028 1034 Ita
1043 987 1174 1052 praesa·

225 1068 342 1148 giebat
356 1068 492 1133 animus
506 1070 599 1133 mala
613 1069 741 1134 futura.
793 1069 905 1148 Tunc,
919 1070 1019 1156 quasi
1034 1069 1175 1133 fortuna

226 1167 401 1232 videretur
420 1163 553 1234 ¹favere
577 1169 748 1234 voluntati
773 1168 878 1252 regis,
905 1159 1100 1233 concitatus
1122 1175 1176 1232 est

227 1267 396 1331 tumultus
410 1266 500 1332 inter
511 1268 667 1332 homines
689 1268 927 1352 episcoporum
945 1275 980 1332 et
993 1265 1099 1332 Alani
1116 1286 1175 1332 co·

224 1366 319 1429 mitis
330 1367 538 1435 Brittanniae
550 1388 613 1451 pro
621 1367 846 1432 vendicandis
854 1367 1032 1451 hospitiis:
1048 1372 1182 1430 eventu

228 1466 424 1545 miserabili,
454 1475 494 1532 ut
528 1455 684 1531 homines
723 1467 877 1550 episcopi
915 1465 1175 1530 Salesbiriensis

225 1557 410 1642 ²ecclesiae,
437 1585 566 1629 mensae
598 1565 811 1643 assidenteS,
826 1563 969 1628 semesis
996 1564 1107 1648 epulis
1130 1563 1175 1627 ad

225 1683 378 1747 pugnam
392 1665 602 1746 prosilirent.
645 1664 764 1728 Primo
780 1663 987 1740 maledictis,
1002 1664 1085 1728 mo'x
1098 1662 1174 1744 gla-

226 1762 293 1826 diis
306 1783 362 1828 res
377 1770 468 1829 acta.
506 1758 699 1829 ³Satellitcs
712 1762 819 1834 Alani
833 1762 957 1846 fugati,
975 1781 1084 1845 nepos
1099 1761 1176 1846 elus

226 1862 460 1944 paulominus
478 1865 632 1929 occisus:
655 1864 803 1928 victoria
819 1882 888 1926 non
909 1863 1091 1926 incruenta
1105 1861 1177 1945 epi-

228 1961 424 2044 scopalibus
452 1963 576 2046 cessit3
610 1963 730 2027 multis
757 1962 934 2040 sauciatis,
967 1981 1037 2024 uno
1070 1961 1175 2024 etiam

228 2061 337 2125 milite
352 2055 563 2142 *interfecto
615 2062 708 2140 Rex,
725 2057 925 2126 ⁵occasione
943 2067 1098 2144 accepta,
1114 2080 1177 2142 per

227 2162 390 2244 antiquos
404 2163 599 2227 incentores
623 2163 800 2227 conveniri
811 2162 918 2245 jussit
932 2160 1114 2243 episcopos
1136 2167 1177 2224 ut

229 2261 333 2325 curiae
349 2255 440 2326 6suae
456 2261 710 2327 satisfacerent
733 2261 777 2326 de
798 2261 877 2338 hoc,
903 2260 995 2342 quod
1021 2259 1195 2324 homines

229 2379 346 2425 eorum
366 2380 487 2445 pacem
506 2363 615 2446 ipsius
640 2361 906 2426 exturbassent:
930 2358 1052 2423 modus
1072 2358 1176 2422 satis-

228 2459 391 2525 factionis
421 2461 521 2538 foret,
560 2469 600 2526 ut
633 2460 749 2526 claves
784 2459 1006 2524 castellorum
1035 2477 1175 2522 suorum

228 2561 329 2641 quasi
350 2561 429 2624 fidei
449 2560 555 2625 vades
580 2560 766 2625 traderent.
820 2558 907 2623 Illos
937 2557 980 2622 ad
1002 2556 1175 2620 satisfaci-

229 2659 354 2724 endum
387 2660 541 2743 paratos,
574 2660 635 2724 sed
671 2660 715 2726 de
750 2659 924 2723 deditione
955 2657 1176 2721 castellorum

227 2766 443 2837 cunctantes,
461 2779 504 2824 ne
518 2761 652 2824 abirent
667 2759 797 2823 arctius
813 2757 984 2822 asiservari
1000 2757 1176 2840 praecepit.

229 2859 288 2922 lta
311 2858 501 2941 Rogerinm
527 2860 724 2943 episcopum
751 2860 883 2940 absque
902 2857 1061 2933 vinculis
1077 2847 1175 2920 ⁷can·
1188 2869 1318 2961 tsffigrs

229 2958 416 3036 cellarium,
442 2959 502 3040 qui
529 2979 636 3042 nepos
662 2977 749 3034 esse,
764 2958 820 3022 vel
848 2956 1031 3039 plusquam
1056 2975 1176 3039 nepos,
1294 2931 1323 2970 μ’

228 3057 382 3140 ejusdem
407 3059 567 3140 episcopi·
582 3056 774 3132 ferebatur,
805 3053 1050 3138 compeditum,
1075 3055 1177 3118 duxit

228 3156 271 3218 ad
287 3157 440 3232 Divisas,
452 3150 500 3220 ⁸si
514 3156 570 3220 vel
587 3155 767 3220 castellum
783 3154 934 3236 recipere
946 3159 1077 3236 posset,
1088 3154 1175 3217 mul·

230 3255 276 3317 tis
298 3261 334 3318 et
347 3254 407 3320 vix
431 3255 699 3319 numerabilibus
722 3254 929 3335 sumptibus,
945 3270 1015 3316 non
1032 3247 1090 3338 (ut
1103 3252 1178 3334 ipse

266 3523 274 3555 ¹
287 3520 404 3594 Fecere]
417 3527 449 3577 E.
460 3540 468 3588 ;
478 3524 606 3586 famulari,
617 3523 646 3574 S.
656 3522 691 3572 D.
752 3519 763 3552 ⁷
776 3521 974 3584 Centenarium]
994 3521 1025 3570 In
1037 3522 1073 3573 D.
1084 3521 1093 3550 ‘
1100 3523 1181 3572 Alex-

229 3596 285 3645 Li.
718 3591 873 3641 andrum'is
883 3593 984 3640 written
999 3606 1060 3640 over
1075 3607 1108 3641 an
1124 3607 1180 3643 era-
1251 3649 1257 3658 ‚

266 3662 431 3726 ”secema
464 3667 516 3726 Ε.;
535 3663 643 3714 omitted
665 3662 698 3710 in
718 3675 786 3724 sure,
807 3662 854 3710 but
874 3661 1024 3723 apparently
1045 3661 1072 3709 in
1101 3677 1179 3714 error.

229 3736 258 3785 S.
272 3735 306 3785 D.
319 3734 374 3784 Μ.
717 3733 838 3793 —Roger
854 3731 896 3780 the
911 3731 1054 3780 chancellcr
1067 3731 1097 3781 oi
1110 3732 1180 3795 Eng-

267 3801 415 3854 ³Sctellitee
432 3803 509 3854 Alani
518 3802 628 3867 fugati]
645 3802 692 3852 See
717 3801 779 3850 land
788 3815 843 3850 was
854 3801 896 3850 the
908 3799 989 3849 sonos
997 3801 1179 3864 Rogerbishop

231 3873 406 3940 postea,§24,
416 3891 442 3937 p.
454 3879 512 3924 721.
718 3870 1067 3932 oiSalisbury,byMuudof
1076 3872 1181 3920 Rames-

267 3942 276 3972 ⁴
289 3943 439 4005 Interfecto]
452 3946 484 3995 E.
494 3957 502 4005 3
513 3943 607 4005 occiso,
618 3942 647 3993 S.
657 3943 692 3992 D.
718 3942 793 4002 bury,
804 3940 844 3989 his
855 3940 1004 3988 concubine.

231 4015 286 4064 La.
754 4007 764 4038 ⁸
775 4011 806 4060 Si
816 4012 854 4059 vel
868 4011 993 4059 rostellum
1006 4008 1111 4071 recipere
1126 4024 1181 4072 poe·

266 4083 420 4133 θΟσσαεὶοηε
437 4078 555 4150 accepta]
582 4083 631 4141 E.;
653 4096 694 4130 oc·
719 4085 765 4140 set,
784 4079 888 4139 malim]
910 4080 982 4139 El.;
1007 4079 1105 4128 scilieet
1126 4093 1182 4128 cas·

230 4156 356 4204 casicnem
368 4159 521 4215 aucupatus,
533 4153 561 4202 S.
575 4153 609 4200 D.
622 4152 677 4200 La
719 4151 807 4199 tellum
818 4151 913 4210 multis,
921 4149 950 4198 S.
965 4149 1025 4209 [ἃς
1043 4149 1182 4198 secundum

263 4222 364 4287 ὕδνα]
378 4226 406 4274 S.
419 4225 453 4274 D.
467 4225 490 4272 E
499 4223 582 4274 aba.
597 4235 604 4282 ;
622 4221 693 4270 omit·
720 4221 851 4268 castellum
866 4219 1022 4282 multis‚D.;
1045 4220 1095 4268 Ei.
1107 4219 1182 4268 reads

229 4295 271 4344 ted
283 4295 310 4344 in
324 4296 346 4342 Ε
353 4299 376 4344 l.
720 4289 770 4338 ‘.s.'
780 4287 820 4338 for
830 4291 837 4316 ‘
847 4290 869 4339 si
881 4289 939 4339 vel!
