3152 4970
407 467 474 532 656
623 481 737 531 unsri
760 479 888 530 aucun
912 479 1132 530 irromuuu.¹
1220 465 1307 548 [niu.
1325 479 1360 525 v.

241 663 362 703 caeam
409 639 546 722 magnis
564 639 871 703 exercitationibus
886 645 1078 720 pectorum,
1095 637 1232 719 maguis
1248 657 1359 720 ango-

244 716 380 807 libelis
408 741 504 802 ribus
530 756 727 821 corporum,
751 743 1041 814 consummatum,
1071 737 1188 800 David
1215 737 1358 801 Scottus

245 818 311 868 ΡΨ
319 828 362 858 Μ’
409 838 665 902 Bancornensis
680 838 863 920 episcopus
881 836 1064 919 exposuit3
1081 836 1194 917 magis
1210 836 1246 898 in
1263 837 1357 917 regis

408 937 557 1018 gratiam
584 955 688 1019 quam
713 936 915 1000 historicum
938 935 1074 999 deceret
1096 929 1275 998 ¹acclinis:
1300 935 1360 998 de-

408 1036 514 1117 nique
531 1042 567 1099 et
580 1034 772 1099 inauditam
789 1034 1001 1110 violentiam,
1016 1033 1108 1115 quod
1129 1034 1359 1116 apostolicum

409 1135 514 1218 cepit,
531 1134 691 1216 quamvis
716 1134 822 1197 libere
842 1132 1055 1209 custodierit,
1071 1131 1167 1195 laudi
1189 1132 1295 1210 ducit,
1312 1134 1358 1196 ab

410 1232 571 1315 exemplo
594 1232 688 1315 quod
701 1231 826 1310 Jacob,
846 1230 1009 1313 angelum
1026 1231 1197 1295 violenter
1222 1239 1357 1308 tenens,
1424 1285 1426 1288 ,

410 1332 683 1396 benedictionem
715 1333 826 1395 abeo
856 1330 1053 1395 extorserit.
1111 1330 1246 1394 Praeter
1268 1330 1356 1408 haec,

410 1432 548 1495 laborat
571 1449 724 1494 asserere
754 1431 884 1494 dictum
910 1428 1072 1512 apostoli,
1090 1422 1245 1500 ‘²Nem0
1266 1430 1357 1492 mili-

411 1539 490 1594 tans
513 1531 602 1607 Deo,
619 1529 774 1612 implicat
796 1548 834 1592 se
856 1529 1005 1611 negotiis
1029 1527 1265 1605 secularibus,'
1288 1549 1358 1592 non

410 1629 588 1692 adversari
611 1627 860 1710 cupiditatibus
880 1627 1080 1711 pontificum
1098 1645 1161 1710 per
1175 1626 1282 1690 laicos
1304 1627 1357 1690 in-

410 1728 627 1804 vestitorum,
652 1728 735 1810 quia
761 1747 830 1791 non
857 1727 904 1791 sit
932 1725 1088 1791 seculare
1121 1726 1296 1808 negotium
1327 1727 1358 1790 si

410 1827 556 1891 clericus
581 1826 671 1890 laico
696 1826 816 1890 fecerit
841 1826 1052 1890 hominium:
1085 1844 1164 1907 quae
1189 1832 1357 1907 quantum

411 1927 482 1989 sint
496 1925 633 2003 frivola,
646 1925 833 2010 cujuslibet
848 1925 1053 2010 dijudicabit
1063 1925 1255 2006 prudentia.
1280 1925 1357 2006 Ego

411 2025 562 2103 interim,
584 2045 628 2106 ne
648 2026 776 2089 bonnm
791 2025 905 2090 virum
921 2025 1028 2088 verbo
1047 2023 1169 2087 videar
1192 2043 1358 2106 premere,

411 2130 530 2188 statuo
546 2125 806 2206 indulgendum,
821 2125 903 2206 quia
924 2143 994 2187 non
1016 2122 1196 2186 historiam
1213 2122 1274 2186 sed
1295 2142 1359 2205 pa-

412 2225 613 2306 negyricum
638 2224 788 2306 scripsit.
841 2221 946 2286 Nunc
970 2241 1056 2286 vero
1080 2221 1300 2303 privilegium
1321 2229 1359 2286 et

411 2323 687 2400 conventionem,
699 2322 854 2387 violenta
870 2322 975 2385 trium
992 2321 1261 2402 septimanarum
1274 2340 1358 2403 cap-

413 2422 508 2486 tione
520 2441 543 2485 a
560 2441 652 2504 papa
668 2429 819 2498 extorta,
834 2421 1004 2485 veraciter
1026 2420 1198 2500 inscram;
1221 2427 1257 2483 et
1273 2439 1359 2502 qua-

412 2519 492 2584 liter
507 2540 577 2584 non
590 2520 700 2585 multo
716 2527 797 2603 post
810 2519 1017 2602 religiosiori
1031 2518 1176 2582 oonsilio
1193 2525 1359 2584 enervata

412 2626 508 2696 sunt,
524 2619 718 2703 subjiciam.

251 2737 373 2788 mse
464 2717 482 2800 §
498 2717 571 2780 421.
586 2718 778 2782 ‘Dominus
795 2737 888 2799 papa
905 2716 1086 2781 Paschalis
1103 2736 1172 2781 non
1188 2716 1377 2799 inquieta·

250 2787 391 2880 llffddlli
411 2816 463 2878 bit
480 2795 656 2879 dominum
677 2835 807 2898 regem,
824 2836 887 2880 nec
909 2817 984 2900 ejus
1006 2816 1188 2899 imperium
1203 2816 1259 2880 vel
1280 2835 1359 2897 reg-

250 2891 399 2986 illffim'
412 2935 507 2992 num,
522 2916 566 2979 de
578 2917 784 2979 investitura
802 2916 1064 2997 episcopatuum
1080 2923 1116 2979 et
1127 2915 1358 2990 abbatiarum,

251 2989 306 3028 ω’
317 2989 373 3027 ¹¹¹¹'
412 3033 524 3096 neque
538 3015 581 3078 de
594 3014 723 3098 injuria
744 3014 811 3078 sibi
832 3014 931 3078 illata
948 3021 983 3077 et
997 3015 1081 3091 suis,
1098 3015 1134 3076 in
1152 3033 1300 3096 persona
1322 3020 1358 3077 et

411 3115 532 3195 bonis;
556 3133 669 3196 neque
684 3114 824 3195 aliquod
849 3113 979 3176 malum
998 3113 1119 3177 reddet
1135 3114 1200 3176 sibi
1215 3112 1272 3176 vel
1294 3113 1359 3176 ali-

411 3215 467 3277 cui
489 3233 647 3297 personae
673 3233 736 3295 pro
759 3213 824 3276 hac
846 3230 970 3276 causa:
1006 3219 1042 3276 et
1061 3213 1199 3294 penitus
1218 3213 1255 3275 in
1279 3231 1358 3295 per-

411 3333 532 3376 sonam
549 3313 641 3395 regis
660 3313 806 3378 Henrioi
828 3331 1005 3393 nunquam
1030 3311 1214 3374 anathema
1231 3317 1357 3392 pouet3

411 3431 475 3475 nec
492 3412 684 3476 remanebit
699 3412 735 3474 in
749 3410 889 3474 domino
903 3428 997 3492 papa
1012 3409 1098 3492 quin
1114 3417 1257 3474 coronet
1267 3429 1359 3487 eum,

412 3511 502 3574 sicut
529 3512 565 3574 in
589 3512 709 3574 ordine
731 3510 948 3588 continetur3
971 3515 1007 3572 et
1026 3528 1170 3590 regnum
1191 3514 1227 3571 et
1248 3509 1357 3590 impe·

412 3609 513 3686 num,
542 3608 646 3673 officii
673 3611 728 3673 sui
759 3609 905 3686 auxilio,
930 3627 1008 3671 enm
1035 3605 1360 3689 tenereadjuvabit

312 3730 315 3762 ε
411 3726 591 3790 proposse
608 3728 682 3772 suo.
728 3709 775 3772 Et
790 3708 864 3771 haec
882 3707 1083 3790 adimplebit
1093 3705 1252 3770 dominus
1266 3725 1360 3788 papa

411 3808 486 3872 sine
504 3807 626 3872 fraude
640 3816 676 3871 et
689 3808 780 3871 malo
796 3807 960 3888 ingenio.'
1012 3805 1102 3869 Haec
1120 3812 1201 3868 suut
1218 3806 1359 3868 nomina

447 4169 452 4198 ¹
466 4167 601 4240 Aeoliam]
621 4171 652 4222 A.
665 4174 694 4224 C.
707 4173 742 4223 D.
757 4173 789 4222 E.
802 4171 872 4231 L2.;
934 4167 1030 4220 ²Nemo
1043 4207 1049 4221 .
1061 4207 1067 4220 .
1077 4205 1084 4222 .
1096 4163 1264 4237 accurata]
1274 4171 1361 4220 arim.

410 4242 531 4304 acclivus,
542 4242 570 4292 S.
897 4252 927 4289 11.
940 4244 964 4290 4.
