3148 4982
242 483 403 580 mann]
474 516 734 564 cnsrnancnn
757 516 973 565 rncnonun.
1126 503 1191 566 455

240 673 293 737 dis
310 674 440 751 alebat,
464 693 551 756 puer
566 673 755 748 delicatus;
778 680 819 738 ut
839 674 875 738 id
900 674 1053 739 aetatulae
1076 676 1189 757 pusio,

239 774 347 837 altum
363 774 448 857 quid
471 774 618 856 spirans.
671 773 738 837 Sed
757 781 891 838 tantam
914 776 1071 857 primaevi
1093 774 1188 839 floris

239 874 388 937 indolem
403 894 496 937 mors
513 874 639 938 acerba
654 874 723 938 cito
738 873 884 957 depasta
900 875 1073 957 corrupit3
1102 868 1188 940 ¹tra-

238 973 324 1037 dunt
338 991 460 1038 cervos
475 974 512 1036 in
530 973 636 1037 Nova
652 973 798 1037 Foresta
821 975 1065 1051 terebrantem,
1078 974 1188 1038 tabidi

238 1074 327 1136 aeris
345 1074 472 1137 nebula
487 1073 643 1136 morbum
657 1073 854 1137 incurrisse.
893 1073 1008 1137 Locus
1023 1082 1187 1155 estquem

238 1172 435 1236 Willelmus
448 1180 560 1254 pater,
569 1165 735 1236 ²subrntis
745 1172 911 1250 ecclesiis
921 1173 1067 1236 desertis
1081 1173 1185 1252 villis,

238 1291 299 1354 per
315 1273 462 1354 triginta
484 1280 519 1337 et
541 1291 582 1336 eo
608 1271 756 1354 amplius
778 1271 940 1335 milliaria
960 1273 997 1334 in
1018 1273 1129 1336 saltus
1151 1280 1186 1337 et

237 1372 348 1435 lustra
376 1371 527 1435 ferarum
561 1372 755 1454 redegerat.
806 1365 881 1434 ³lbi
903 1371 1050 1436 libenter
1071 1391 1184 1436 aevum

238 1473 389 1552 exigere,
414 1472 463 1536 ibi
485 1471 643 1554 plurimis
668 1472 790 1535 omitto
812 1471 905 1554 quod
932 1471 1065 1549 diebuS,
1092 1479 1185 1536 certe

236 1572 421 1648 mensibus,
454 1571 658 1636 venationes
690 1590 850 1634 exercere
883 1572 1065 1652 gaudebat.
1130 1571 1185 1636 Ibi

236 1671 346 1734 multa
361 1671 458 1752 regio
475 1671 593 1753 generi
614 1671 790 1752 contigere
807 1670 1008 1749 infortunia,
1023 1691 1102 1754 quae
1124 1671 1186 1736 ha-

235 1771 424 1834 bitatorum
460 1789 616 1854 praesens
647 1770 766 1834 audire
798 1771 995 1835 volentibus
1027 1771 1185 1853 suggerit

234 1869 419 1934 memoria:
443 1889 525 1932 nam
544 1870 764 1953 postmodum
787 1870 824 1932 in
845 1869 966 1934 eadem
989 1871 1079 1936 silva
1094 1870 1184 1934 Wil-

234 1969 357 2033 lelmus
379 1969 471 2033 filius
493 1970 582 2054 ejus,
602 1976 638 2033 et
661 1989 770 2052 nepos
796 1969 969 2033 Ricardus
995 1971 1086 2035 filins
1111 1970 1185 2034 Ro-

234 2069 323 2134 berti
353 2069 488 2134 comitis
515 2070 754 2146 Normanniae,
782 2077 927 2133 mortem
959 2069 1182 2149 offenderint3

234 2188 354 2233 severo
369 2170 437 2234 Dei
449 2169 582 2252 judicio
596 2169 655 2232 ille
673 2169 805 2250 sagitta
820 2175 955 2250 pectus,
972 2169 1039 2232 iste
1056 2168 1183 2232 collum

234 2269 413 2352 trajectus,
429 2268 498 2343 vel,
521 2276 563 2333 ut
583 2268 723 2351 quidam
743 2268 874 2344 dicunt,
896 2269 1029 2332 arboris
1051 2287 1184 2332 ramus-

235 2369 312 2432 culo
329 2388 419 2452 equo
432 2375 697 2452 pertranseunte
711 2368 828 2432 fauces
845 2387 1031 2450 appensus.

285 2469 393 2553 §27st
418 2469 518 2532 Filiae
542 2469 651 2552 ipsius
674 2467 814 2532 filerunt
827 2469 998 2550 quinque:
1020 2461 1181 2546 ⁴Cecilia,
1194 2484 1326 2576 grunh-

234 2567 458 2633 Gadomensis
474 2568 663 2645 abbatissa,
678 2561 802 2647 ⁵vivit3
826 2569 948 2646 altera,
963 2567 1182 2646 Constantia,
1207 2547 1244 2636 ,η’

232 2669 349 2733 comiti
373 2668 581 2733 Brittanniae
604 2665 720 2732 Alano
743 2668 899 2750 Fergant
921 2667 959 2731 in
983 2667 1182 2752 conjugium

233 2768 327 2848 data,
342 2769 545 2832 austeritate
558 2767 708 2852 justitiae
732 2767 962 2851 provinciales
977 2768 1014 2831 in
1030 2768 1182 2832 mortife-

268 2966 528 3020 ¹Trudunteerooe...
540 2969 693 3032 iacun-iera]
718 2973 781 3032 tent,
792 2985 838 3019 nec
854 2969 907 3020 illae
918 2970 1021 3032 quidem
1038 2971 1181 3020 mortalium

235 3039 307 3088 Some
326 3041 461 3090 historiens
482 3040 560 3088 relate
585 3039 640 3089 that
662 3040 694 3088 he
717 3041 807 3090 usibus
842 3041 1007 3089 communiter
1047 3042 1180 3102 expositae.

234 3109 293 3158 died
303 3109 366 3158 from
374 3109 417 3158 the
424 3108 531 3159 wounds
539 3110 571 3158 he
579 3109 694 3159 received
720 3108 793 3158 Unde
815 3124 861 3171 pro
878 3125 938 3159 vero
959 3110 1081 3158 asseritur
1102 3110 1180 3173 quod,

233 3178 296 3226 from
306 3180 348 3228 the
361 3180 449 3241 garing
461 3178 491 3228 ef
498 3194 514 3228 a
530 3180 608 3242 stag's
619 3180 694 3228 horus
717 3177 752 3229 A.
763 3179 792 3228 S.
807 3179 840 3228 G.
855 3179 890 3228 H.
902 3180 934 3228 1..

234 3249 311 3296 about
321 3249 391 3298 three
408 3263 482 3310 years
500 3248 584 3298 before
601 3249 642 3298 his
658 3249 695 3298 fa·
753 3245 763 3277 ⁴
776 3247 890 3310 flectite]
910 3250 938 3296 C.
947 3247 982 3298 D.
995 3248 1028 3296 E.
1039 3246 1071 3296 L.
1081 3262 1087 3307 ;
1099 3248 1181 3309 prima

233 3317 310 3367 ther's
336 3319 452 3368 decease.
498 3319 695 3381 Mnlmesbury’s
719 3315 826 3378 (iecilia,
836 3316 1099 3367 A.s.—‘ssa1dricus
1116 3318 1181 3366 Bur-

235 3393 350 3450 account,
372 3389 499 3450 however,
520 3390 543 3437 is
571 3389 695 3450 probably
718 3387 771 3449 gul.
794 3389 820 3436 in
841 3388 957 3436 versibus
978 3387 1107 3447 inscriptis
1126 3389 1181 3436 θω-

233 3457 375 3508 thetruest.
411 3458 524 3507 Richard
532 3471 590 3508 was
604 3459 695 3508 buried
717 3456 781 3506 oilie
802 3457 871 3519 regie
886 3456 1023 3519 Auginum
1032 3456 1108 3522 filie,
1127 3472 1180 3508 me-

233 3531 260 3576 at
277 3527 446 3590 Winehester,
465 3528 515 3577 and
531 3528 571 3577 his
590 3528 694 3590 epitaph
718 3527 790 3577 minit
808 3528 899 3576 sororis
921 3542 998 3588 quam
1017 3527 1124 3576 Coeoilie
1140 3543 1180 3577 se·

233 3597 373 3657 styleshim
382 3598 573 3666 Beornieedux.
604 3597 694 3664 (Sand.
717 3611 775 3646 oum
797 3598 823 3646 in
845 3597 1024 3649 monasterium
1051 3601 1178 3646 traxerat:

235 3665 578 3732 Genem.r1ist.f01.1rur.)
716 3668 753 3716 sic
764 3667 831 3716 enim
841 3666 932 3716 hebet:

269 3734 409 3786 'Subrutis
426 3737 553 3801 ecclesiia]
571 3737 604 3788 A.
618 3738 646 3788 S.
658 3739 694 3787 D.
717 3737 814 3786 Audivi
836 3736 972 3798 quamdam
993 3741 1018 3785 te
1041 3735 1180 3786 detinuisse

234 3806 282 3866 L.;
299 3808 403 3857 omitted
413 3809 439 3857 in
453 3809 483 3859 C.
494 3808 527 3858 E.
540 3809 575 3857 K.
753 3821 871 3868 sororem,

267 3873 279 3906 ⁸
296 3877 337 3925 lbi
359 3876 461 3926 liberter
484 3913 531 3928 ...
553 3891 610 3926 nam
628 3881 696 3940 poet-
719 3877 801 3940 Cujus
812 3876 880 3925 fama
890 3891 960 3926 meas
970 3875 1108 3938 aliquando
1124 3890 1181 3936 per·

233 3941 350 4014 modum]
371 3949 400 3996 c.
415 3947 450 3997 D.
472 3948 502 3997 E.
521 3947 571 4008 K.;
591 3946 694 3996 infando
754 3947 911 3997 culitanres.

233 4030 336 4076 prorsus
354 4017 510 4078 spectaculo,
526 4021 556 4065 ut
573 4017 618 4065 ubi
637 4021 694 4065 ante
719 4016 818 4064 Nomen
828 4017 849 4065 it
858 4017 983 4079 elapsum,
989 4015 1085 4066 vidisse
1096 4018 1180 4064 tamen

234 4085 275 4134 vel
293 4086 405 4136 humana
427 4086 583 4136 conversatio
600 4087 640 4135 vel
656 4086 694 4134 di·
750 4086 914 4135 reminiscor?

232 4156 292 4204 vine
302 4157 431 4206 veneratio
441 4155 563 4218 fervebat,
574 4170 641 4205 nune
658 4157 694 4205 ibi
799 4153 881 4221 (Note
891 4156 918 4203 in
929 4155 1012 4216 Bouq.
1024 4167 1063 4203 xr.
1075 4149 1146 4218 189.)

233 4227 301 4274 cervi
312 4231 338 4276 et
348 4227 469 4288 capreoli,
479 4231 505 4276 et
519 4232 619 4276 caeterae
629 4225 695 4275 illud
752 4225 762 4254 ³
780 4225 870 4288 Vivit]
892 4227 921 4275 c.
934 4225 966 4276 Ε.
979 4225 1010 4276 L.
1021 4241 1028 4285 ;
1040 4239 1099 4287 quae
1110 4223 1182 4286 vivit,

234 4309 314 4358 genus
324 4297 414 4346 bestiae
425 4296 568 4358 petulanter
574 4296 696 4346 discursi·
718 4294 751 4344 Δ.
765 4294 793 4343 S.
806 4295 841 4344 D.

991 4385 1063 4428 2112
