3152 4970
236 485 376 565 mnu}
469 501 582 551 cesar
607 503 736 551 aucun·
757 503 969 552 rucconuu.
1120 489 1186 555 653

237 656 272 719 in
288 658 465 738 speculam
487 666 633 736 erectas,
649 658 805 722 confudit
825 657 986 723 humanae
1005 661 1109 724 sortis
1126 680 1184 725 va-

237 756 354 822 rietas.
406 757 569 840 Namque
592 758 724 822 indicto
742 759 778 822 in
793 756 959 838 Angliam
976 759 1101 837 reditu,
1123 780 1185 824 rex

238 856 303 918 sub
318 857 395 938 ipso
406 848 624 939 ¹crepusculo
638 857 786 940 septimo
803 855 971 921 kalendas
984 859 1185 923 Decembris
1199 884 1253 923 nov.
1263 886 1295 930 2⁵,

239 953 332 1035 apud
355 955 545 1021 Barbelflet
568 975 674 1020 naves
698 956 825 1036 solvit,
854 975 1013 1040 eumque,
1041 959 1102 1039 qui
1122 935 1320 1022 im·A'⁰'¹¹²⁰'

238 1053 396 1135 ploverat
407 1056 565 1133 carbasa,
580 1064 706 1120 ventus
725 1054 869 1119 feliciter
887 1076 995 1138 regno
1010 1065 1046 1121 et
1061 1058 1186 1139 amplae

239 1151 387 1216 fortunae
414 1154 561 1218 invexit.
620 1151 670 1217 At
692 1173 775 1218 vero
799 1153 1090 1233 adolescentulus,
1110 1156 1186 1240 jam

240 1251 473 1332 septendecim
486 1271 655 1316 annorum
673 1259 708 1316 et
723 1251 828 1334 paulo
845 1253 936 1335 plus,
953 1255 1009 1318 cui
1026 1254 1113 1318 nihil
1126 1255 1186 1318 de-

152 1416 157 1422 ,
239 1349 397 1414 liciarum
419 1359 547 1433 praeter
562 1370 687 1415 nomen
706 1351 799 1432 regis
820 1371 883 1433 pro
905 1359 1051 1434 paterna
1073 1353 1188 1417 indul-

241 1450 360 1530 gentia
387 1449 535 1527 deesset,
560 1451 664 1514 aliam
684 1450 750 1513 sibi
774 1469 897 1514 navem
920 1452 1035 1533 parari
1057 1471 1186 1534 praece·

241 1547 305 1630 pit,
321 1549 478 1612 omnibus
500 1568 588 1631 pene
611 1547 878 1612 adolescentulis
895 1569 1074 1631 procerum
1093 1549 1186 1628 filiis,

244 1647 344 1728 quasi
361 1667 424 1729 pro
440 1647 590 1712 colludio
608 1647 724 1711 aetatis
741 1647 895 1729 puerilis,
913 1667 954 1713 co
976 1651 1186 1714 accurrenti·

245 1746 310 1808 bus
323 1767 332 1825 3
351 1747 435 1828 quin
451 1753 487 1810 et
502 1747 649 1828 remiges
666 1745 846 1810 immodice
861 1767 955 1811 mero
969 1748 1188 1830 ingurgitati,

241 1844 422 1928 uoluptate
442 1846 582 1910 nautica
608 1864 713 1928 quarn
735 1851 839 1926 potus
865 1847 1097 1926 ministrabat,
1113 1867 1201 1911 ma·.

243 1950 320 2007 ture
342 1944 420 2008 illos
444 1946 505 2027 qui
530 1951 780 2026 praecesserant
813 1951 893 2026 post
916 1952 1052 2027 tergum
1083 1947 1197 2010 relin-.

243 2044 398 2125 quendos
420 2044 657 2108 clamitabant.
710 2043 796 2106 Erat
811 2044 902 2106 enim
922 2045 1021 2109 navis
1045 2045 1188 2128 optima,

243 2143 410 2207 tabulatis
449 2143 550 2208 novis
590 2149 625 2207 et
664 2141 773 2206 clavis
810 2149 966 2206 recenter
997 2150 1186 2225 compacta.

245 2240 371 2324 Itaque
394 2261 488 2306 caeca
506 2241 582 2325 jam
605 2247 718 2318 nocte,
739 2239 908 2323 juventus
933 2243 1113 2324 sapientiae
1135 2243 1189 2306 in-

245 2339 339 2422 diga,
363 2341 533 2423 simulque
554 2347 640 2423 potu
662 2341 798 2418 obruta,
814 2358 938 2404 navem
953 2360 975 2404 a
989 2340 1106 2405 littore
1127 2342 1191 2405 im·

245 2439 391 2520 pellunt.
441 2438 626 2504 Volatilla
638 2444 791 2522 pennata
812 2439 985 2521 pernicior
1000 2441 1201 2521 arundine,

246 2544 293 2614 et,
318 2539 506 2620 crispantia
536 2539 641 2602 maris
669 2545 769 2619 terga
782 2597 783 2600 ,
796 2538 933 2616 radens,
958 2538 1192 2620 imprudentia

247 2638 418 2700 ebriorum
432 2637 577 2721 impegit
592 2637 628 2701 in
642 2637 822 2720 scopulum
836 2657 906 2701 non
920 2638 1024 2719 longe
1039 2657 1060 2702 a
1074 2639 1192 2703 littore

245 2754 352 2818 supra
370 2737 514 2819 pelagus
532 2743 722 2802 extantem.
775 2735 1000 2818 Consurgunt
1022 2757 1105 2819 ergo
1127 2739 1192 2801 mi·

246 2835 326 2912 seri,
350 2842 385 2899 et
408 2856 535 2918 magno
562 2836 711 2900 clamore
733 2834 880 2899 serratos
905 2843 1027 2900 contos
1049 2837 1192 2919 expedi-

247 2941 322 3012 unt,
345 2934 404 2997 diu
427 2941 600 2999 certantes
617 2941 657 2998 ut
674 2952 797 2998 navem
811 2953 833 2997 a
844 2954 930 3016 rupe
943 2936 1191 3018 propellerent3

247 3034 307 3098 sed
329 3033 521 3097 obsistebat
536 3033 687 3108 fortuna,
705 3051 824 3096 omnes
849 3053 967 3096 eorum
989 3042 1135 3099 conatus
1156 3037 1193 3098 in

247 3131 383 3195 irritum
397 3131 581 3195 deducens.
634 3129 760 3211 Itaque
774 3135 810 3192 et
825 3130 910 3193 remi
923 3130 960 3192 in
977 3149 1102 3195 saxum
1119 3127 1193 3196 2οἰ)-

248 3231 323 3292 nixi
339 3248 514 3310 crepuere,
528 3246 764 3308 concussaque
779 3247 882 3309 prora
896 3229 1071 3310 pependit.
1095 3230 1118 3294 J
1121 3251 1193 3294 am-

248 3347 317 3410 que
339 3328 426 3392 alios
446 3327 547 3391 undis
565 3327 773 3408 exponebat,
791 3325 877 3389 alios
898 3328 1057 3408 ingressa
1070 3348 1132 3410 per
1146 3331 1193 3393 ri-

247 3446 323 3490 mas
341 3446 432 3508 aqua
449 3427 627 3502 enecabat,
641 3443 718 3488 cum
735 3424 847 3508 ejecta
860 3425 990 3509 scapha
1001 3427 1092 3490 filius
1103 3429 1194 3510 regis

250 3527 442 3608 excipitur,
469 3525 666 3606 salvarique
689 3523 861 3606 potuisset
877 3525 921 3589 ad
938 3525 1037 3589 littus
1060 3546 1194 3610 regres-
1234 3595 1242 3612 ,

249 3644 321 3702 sus,
337 3625 404 3688 nisi
428 3645 526 3688 soror
546 3623 623 3707 ejus
646 3622 766 3700 notha,
780 3625 958 3688 comitissa
975 3625 1135 3703 Perticae,
1157 3628 1195 3690 in

248 3725 372 3808 majori
387 3743 476 3788 nave
493 3743 570 3787 cum
583 3728 694 3787 morte
708 3722 857 3799 luctanS,
875 3722 1037 3788 loemineo
1059 3726 1194 3789 ululatu

248 3823 366 3886 fratris
386 3843 487 3905 opem
511 3822 743 3904 implorasset,
757 3840 800 3884 ne
815 3828 888 3885 tam
901 3823 1005 3904 impie
1031 3842 1069 3886 se
1090 3825 1194 3888 relin-

249 3929 380 4003 queret.
427 3922 506 3998 Ille,
522 3919 757 3984 misericordia
774 3919 954 3998 infractus,
970 3922 1119 3985 lembum
1136 3942 1194 3986 ca-

286 4115 475 4221 10'„„„,„,‚]
503 4155 532 4202 0,
549 4154 584 4203 D,
595 4155 629 4202 Ε,
640 4153 711 4213 ,24
756 4124 781 4208 '²
795 4128 890 4176 ornos
909 4131 1110 4194 ...metuam
1126 4131 1197 4180 ‘oa

737 4198 791 4245 mxi
801 4213 931 4260 crepuere,
940 4200 1058 4260 illicoque
1070 4215 1144 4260 prora
1154 4215 1198 4262 pe·

249 4226 330 4274 noctis
341 4225 501 4287 crepusculo,
511 4221 545 4273 Α.
557 4223 586 4272 S·
737 4267 843 4328 pendit.»
858 4267 942 4334 (Vim,
954 4269 1010 4318 AEn.
1023 4281 1048 4318 v,
1060 4265 1130 4334 200)
