3104 4974
200 496 359 576 urnam]
433 513 547 563 ossus
571 515 698 562 ascum
723 517 938 566 Auouoauu.
1089 500 1155 564 399

201 672 257 735 liae
275 671 442 752 Belgicae,
458 691 535 753 quae
554 679 608 735 est
624 673 716 736 inter
730 673 868 739 Renum
891 681 927 738 et
944 673 1154 756 Sequanam,

201 771 405 853 praeficiens.
457 771 589 835 Eodem
616 773 718 836 modo
741 774 937 838 Willelmus
965 791 1059 850 suos,
1085 792 1156 855 qua

201 878 340 952 poterat
366 871 596 946 animositate,
626 871 756 950 divisit,
781 873 890 956 juxta
919 874 1011 954 regis
1040 879 1156 936 castra

203 971 330 1034 sensim
352 970 590 1047 obambulans,
608 973 773 1057 quaejam
787 974 824 1036 in
840 973 1041 1037 Ebroicensi
1064 991 1155 1054 pago

204 1071 411 1145 metabatur,
428 1077 468 1133 ut
481 1089 544 1133 nec
566 1059 721 1134 cominus
739 1066 933 1155 ¹pugnandi
949 1072 1083 1154 copiam
1105 1071 1156 1134 sa-
1234 1089 1236 1094 ’

205 1175 309 1246 ceret,
334 1187 397 1248 nec
423 1170 637 1251 provinciam
663 1190 780 1236 coram
801 1192 840 1236 se
859 1172 990 1236 vastari
1015 1173 1153 1235 sineret.

206 1269 323 1332 Duces
356 1267 445 1351 ejus,
477 1269 652 1334 Robertus
687 1289 802 1336 comes
831 1269 1015 1347 Aucensis,
1046 1270 1156 1350 Hugo

206 1367 451 1444 Gomacensis,
466 1367 574 1450 Hugo
584 1369 717 1434 Montis
730 1371 842 1448 fortis„
851 1370 1049 1435 Willelmus
1061 1368 1155 1433 Gris-

205 1469 318 1550 pinuS,
328 1467 372 1530 ad
388 1468 568 1532 castellum
579 1469 671 1551 quod
682 1463 880 1534 ²Mortuum
895 1489 991 1533 mare
999 1475 1156 1545 vocatur,

205 1566 341 1630 infestis
363 1559 472 1649 signis
499 1574 620 1632 contra
648 1568 804 1634 Odonem
830 1571 1026 1634 constitere.
1080 1567 1156 1631 Nec

204 1667 262 1730 ille
291 1686 355 1749 pro
385 1685 527 1731 numero
551 1669 711 1746 militum,
740 1690 809 1752 quo
830 1671 998 1746 tumebat,
1024 1686 1157 1731 moram

205 1785 332 1848 pugnae
349 1764 443 1844 fecit,
467 1767 528 1830 sed
548 1786 733 1850 parumper
756 1769 917 1832 resistere
940 1787 1059 1844 ausuS,
1073 1786 1156 1830 mox

206 1867 372 1948 impetum
401 1865 683 1931 Normannorum
708 1888 778 1932 non
806 1867 931 1944 ferens,
959 1875 1060 1948 terga
1091 1886 1156 1929 nu·

206 1965 315 2042 davit,
348 1984 449 2028 omen
476 1965 569 2048 fugae
598 1969 730 2050 primus
752 1969 973 2050 auspicatus:
1002 1965 1157 2030 ibidum

208 2064 324 2128 Guido
341 2063 484 2130 Pontivi
498 2085 612 2130 comes
632 2068 820 2131 studiosius
833 2068 957 2131 ultioni
972 2065 1089 2128 fratris
1102 2065 1156 2128 in-

208 2163 331 2240 tendit,
353 2171 489 2246 captus,
504 2165 645 2230 fatalem
671 2167 811 2230 familiae
836 2185 909 2230 suae
931 2183 1070 2228 manum
1094 2184 1157 2228 ex-

208 2262 363 2342 horruit3
387 2271 556 2346 praeterea
568 2266 684 2347 plnres
710 2266 781 2342 alii,
801 2265 1039 2348 praecellentes
1056 2257 1157 2345 ⁸ope-

208 2363 315 2440 ribus,
333 2370 512 2444 turgentes
529 2365 699 2448 majorum
713 2366 896 2429 natalibus.
950 2364 1057 2426 Hunc
1080 2382 1158 2426 suc-

197 2481 355 2548 cessum,
381 2483 427 2526 ex
452 2455 733 2528 4advenientibus
755 2466 945 2546 cognitum,
961 2463 1157 2528 Willelmus

209 2563 338 2625 circum
350 2563 442 2643 regis
459 2565 611 2628 tentoria
625 2572 725 2628 nocte
738 2565 947 2646 intempesta
966 2563 1158 2646 praeconari

210 2663 364 2740 curavit3
397 2682 466 2744 quo
490 2663 621 2740 audito,
649 2671 729 2746 post
755 2664 888 2747 aliquot
912 2663 986 2727 dies
1011 2682 1099 2745 quos
1121 2662 1158 2724 in

212 2760 430 2825 Normannia
442 2763 525 2843 egit,
541 2763 668 2845 refugit
686 2765 724 2827 in
741 2764 944 2827 Franciam:
969 2782 1032 2826 nec
1049 2760 1159 2824 multo

211 2868 291 2942 post
313 2869 479 2942 tempore,
504 2862 775 2927 discurrentibus
800 2864 984 2944 utrobique
1010 2861 1158 2937 nunciis,

211 2960 354 3041 pacifice
385 2969 597 3025 conventum
615 2971 655 3027 ut
677 2963 763 3044 regii
785 2961 915 3045 captivi
937 2961 1158 3025 absolveren-

210 3065 278 3136 tur,
307 3079 421 3124 comes
451 3067 570 3144 erepta
600 3063 655 3126 vel
682 3063 857 3144 eripienda
887 3060 1049 3125 Martello
1079 3059 1159 3143 jure

212 3160 411 3223 vendicaret
426 3159 593 3242 legitimo.

263 3258 373 3341 §234
397 3258 556 3342 Longum
571 3267 624 3325 est
638 3267 672 3325 et
690 3280 759 3324 non
781 3259 1011 3323 necessarium
1035 3255 1162 3318 referre

211 3365 352 3438 quantae
367 3359 457 3421 inter
471 3379 531 3422 eos
545 3361 785 3424 contentiones
800 3366 947 3424 versatae
964 3363 1059 3433 sunt,
1074 3375 1160 3437 quo·

213 3457 314 3520 modo
329 3458 527 3523 Willelmus
548 3479 683 3542 semper
709 3459 919 3542 superiorem
944 3476 1084 3520 manum
1106 3475 1160 3518 re·

214 3557 342 3621 tulerit.
396 3555 488 3636 Quid
516 3559 606 3640 quod
635 3559 869 3623 inaestimabili
892 3557 1161 3641 praesumptione

213 3653 435 3734 fortitudinis,
459 3678 636 3740 nunquam
663 3659 790 3735 subito,
812 3678 875 3722 nec
907 3658 974 3721 nisi
1000 3674 1162 3739 praenun-

215 4021 237 4069 L
250 3946 427 4064 {Puffmgbl
435 3947 511 4065 {⁶1⁸⁰
526 3949 555 3997 c·
570 3947 605 3996 D·
619 3949 674 3996 ¹⁴2²·
735 3979 745 4011 ⁸
759 3980 901 4044 Operibus]
919 3981 954 4030 D.
972 3980 996 4027 Ε
1005 3983 1046 4038 1·;
1063 3977 1165 4039 ⁰Pib¹¹⁹2

239 4055 261 4118 *ἦ
270 4033 496 4151 llllltlrglltztnmtirurej
513 4087 566 4136 The
578 4087 676 4135 famous
723 4053 766 4102 'E
791 4087 797 4101 ¹
810 4051 865 4101 Μ’

131 4179 134 4184 ·
215 4160 292 4208 battle
303 4158 332 4206 os
341 4159 508 4206 Mortemeris
519 4157 586 4205 lixed
597 4158 623 4204 in
635 4157 677 4204 the
737 4187 747 4220 ⁴
759 4183 974 4254 Advenientibus]
1002 4189 1031 4236 c·
1055 4187 1090 4236 1),
1115 4187 1164 4246 54

216 4243 275 4290 year
293 4231 357 4276 1054
376 4227 464 4287 bytho
479 4226 681 4288 interpolatores

215 4299 328 4346 Wifflm
338 4296 368 4346 os
375 4295 518 4358 Jumffiges·
702 4260 906 4321 adventantibus,
917 4258 950 4308 A.
964 4259 992 4309 S.
1005 4259 1035 4307 L.
