3104 4974
366 493 432 558 406
587 505 700 554 ossus
724 505 851 553 nacon
874 505 1089 554 suenorum,
1159 489 1247 570 [mn.
1264 496 1316 552 ηις

371 661 533 728 cnldubio
547 661 641 725 dics:
665 661 695 724 si
711 660 783 736 fiat,
800 659 984 724 edocturus
1006 658 1110 742 quod,
1130 660 1318 722 secundum

372 761 585 838 Platonicos,
601 779 692 824 mors
707 759 866 841 spiritum
888 778 957 824 non
979 759 1174 838 extinguat,
1190 758 1251 821 sed
1273 757 1318 820 ad

371 859 576 942 principium
593 861 647 922 sui
664 860 778 923 Deum
793 865 959 940 tanquam
974 877 993 920 e
1007 875 1144 920 carcero
1162 857 1318 934 emittat3

372 959 428 1022 sin
442 959 569 1036 minus,
585 958 832 1041 Epicureorum
854 963 959 1020 soctae
981 955 1247 1030 concedendum,
1260 954 1320 1038 qui

372 1057 560 1140 opinantur
574 1057 725 1119 animam
737 1074 881 1136 corpore
894 1054 1044 1118 solutam
1057 1054 1094 1116 in
1109 1073 1224 1116 aerem
1239 1073 1319 1117 eva·

374 1174 526 1232 nascere,
548 1156 585 1218 in
607 1173 711 1217 auras
726 1153 874 1217 effluere.
927 1152 985 1216 Ita
1007 1152 1090 1216 data
1111 1159 1320 1234 acceptaque

375 1253 453 1330 fide,
469 1254 680 1337 quotidianis
699 1252 880 1333 colloquiis
894 1257 1147 1314 sacramentum
1162 1250 1320 1333 frequen·
1341 1251 1343 1254 ’

375 1354 510 1416 tabant.
553 1351 629 1415 Nec
642 1352 789 1415 multum
804 1351 841 1413 in
856 1349 980 1426 medio,
1000 1355 1036 1412 et
1055 1368 1145 1426 ecce,
1161 1368 1253 1412 mors
1268 1369 1321 1412 re-

375 1449 516 1531 pentine
532 1450 714 1513 imminens
727 1449 964 1530 indignantem
973 1447 1118 1511 halitum
1128 1448 1187 1512 uni
1204 1465 1321 1511 eorum

377 1547 545 1612 violenter
565 1549 731 1611 extraxit.
784 1547 968 1612 Remansit
985 1546 1085 1623 alter,
1107 1553 1144 1609 ct
1164 1547 1255 1609 serio
1280 1547 1322 1609 de

378 1647 464 1710 socii
488 1647 674 1728 sponsione
696 1645 867 1726 cogitans,
887 1645 1009 1728 etjam
1029 1645 1172 1728 jamque
1196 1645 1322 1708 affutu-

379 1765 454 1808 rum
481 1745 688 1827 prestolans
713 1763 814 1808 cassa
844 1745 1005 1826 opinione
1034 1742 1180 1823 triginta
1203 1743 1323 1807 diebus

379 1851 504 1908 ventos
539 1844 656 1925 pavit;
692 1844 815 1925 quibus
849 1843 989 1924 elapsis,'
1024 1861 1102 1905 cum
1138 1841 1324 1923 desperans

380 1942 458 2005 aliis
479 1942 627 2023 negotiis
642 1948 823 2006 avocasset
839 1942 959 2016 otium,
974 1941 1086 2004 astitit
1107 1940 1222 2003 subito
1236 1942 1324 2021 vigi-

380 2040 479 2118 lanti,
505 2048 541 2105 et
562 2041 725 2123 quiddam
748 2041 862 2122 operis
890 2039 1057 2116 molienti,
1080 2039 1189 2116 vultu,
1212 2039 1324 2121 qualis

380 2138 470 2202 solet
492 2158 568 2202 esse
589 2139 807 2203 morientium
824 2138 940 2201 anima
955 2137 1121 2218 fugiente,
1144 2138 1325 2218 exanguis.

381 2238 472 2301 Tum
488 2245 659 2302 tacentem
676 2239 795 2302 vivum
816 2238 910 2318 prior
925 2244 1082 2301 mortuus
1104 2237 1327 2317 compellans

382 2334 576 2416 ‘Agnoscis
590 2357 644 2400 mc
655 2337 682 2399 l'
693 2336 825 2418 inquit:
843 2335 1047 2417 ‘Agnosco‚’
1061 2334 1256 2416 respondit;
1272 2341 1330 2397 ‘et

384 2453 455 2497 non
482 2441 617 2498 tantum
649 2435 691 2497 de
721 2435 863 2498 insolita
890 2441 953 2497 tua
981 2435 1100 2498 turbor
1131 2435 1328 2516 praescntia‚

384 2538 551 2612 quantum
573 2533 616 2595 de
640 2532 805 2595 diuturna
829 2534 936 2595 miror
957 2531 1138 2596 absentia.'
1189 2529 1240 2596 At
1259 2532 1331 2608 illc,

385 2631 444 2694 ubi
469 2631 668 2694 tarditatem
695 2630 865 2712 adventus
889 2633 1082 2706 excusavit,
1105 2628 1244 2694 tandem
1269 2631 1331 2706 ait,

386 2729 587 2806 ‘Tandem
618 2729 790 2811 expeditis
820 2749 992 2793 morarum
1026 2730 1185 2804 nexibus,
1209 2729 1330 2792 venio:

385 2826 446 2890 sed
463 2828 632 2891 adventus
649 2828 715 2890 iste
732 2829 807 2904 tibi,
823 2829 854 2891 si
867 2829 974 2904 voles,
990 2825 1146 2913 (amica)
1160 2829 1226 2892 erit
1239 2847 1331 2890 com-

387 2926 520 3001 modus,
546 2926 629 2988 mihi
655 2927 792 2989 omnino
816 2926 1074 3004 infructuosus3
1107 2927 1235 3009 quippe
1262 2928 1333 3008 qui,

387 3025 617 3106 pronunciata
639 3032 674 3088 et
698 3024 889 3088 acclamata
911 3025 1095 3101 sententia,
1120 3025 1335 3107 sempiternis

388 3123 451 3186 sim
482 3123 669 3205 deputatus
698 3121 901 3206 suppliciis?
964 3122 1120 3206 Cumque
1143 3125 1257 3199 vivus
1291 3123 1335 3186 ad

388 3223 598 3304 ereptionem
640 3223 778 3298 mortui,
807 3222 923 3286 omnia
958 3241 1023 3285 sua
1053 3223 1272 3286 monasteriis
1300 3229 1336 3286 et

389 3322 507 3402 egenis
527 3340 771 3402 expensurum,
796 3341 901 3403 seque
918 3321 991 3383 dios
1007 3329 1043 3384 et
1059 3328 1177 3384 noctes
1192 3321 1335 3404 jejuniis

389 3426 426 3482 ct
440 3419 652 3496 orationibus
668 3421 958 3496 continuaturum,
975 3419 1212 3500 promitteret3
1231 3419 1337 3482 ‘Fix-

390 3536 448 3579 um
471 3518 547 3592 est,'
563 3517 687 3600 inquit,
704 3519 817 3600 ‘quod
833 3517 920 3594 dixi,
934 3519 1016 3599 quia
1037 3519 1112 3581 sine
1133 3517 1339 3599 poenitentia

286 3657 289 3662 -
390 3622 473 3679 sunt
494 3616 627 3698 judicia
653 3616 733 3692 Dei,
765 3617 890 3698 quibus
918 3616 955 3678 in
987 3617 1210 3698 sulphuream
1235 3635 1337 3680 vora·

390 3714 507 3794 ginem
519 3714 645 3778 inferni
658 3715 834 3778 demersus
856 3734 953 3778 sum:
976 3716 1024 3778 ibi
1039 3715 1120 3779 dum
1134 3722 1228 3778 rotat
1244 3721 1339 3778 astra

391 3813 504 3895 polus,
519 3813 601 3876 dum
623 3813 739 3894 pulsat
759 3814 879 3877 littora
900 3820 1039 3896 pontus
1054 3834 1117 3897 pro
1139 3814 1338 3877 criminibus

392 3913 477 3975 meis
492 3905 634 3990 volvarss
658 3912 857 3976 inflexibilis
877 3913 1057 3976 sententiae
1081 3919 1199 3976 manat
1216 3906 1339 3993 ¹rigor,

393 4017 523 4074 aeterna
555 4018 590 4074 et
618 4011 796 4076 innumera
821 4031 1005 4093 poenarum
1039 4031 1167 4092 genera
1199 4011 1340 4074 commi-

557 4242 564 4272 ¹
578 4246 680 4308 Rigor]
698 4245 731 4295 A.
746 4248 776 4295 C.
788 4246 823 4294 D.
836 4246 869 4294 E.
881 4245 927 4305 L.;
945 4246 1013 4305 rigor
1023 4250 1143 4308 aeternus,
1154 4246 1183 4295 S.
