3148 4982
410 516 477 581 496
626 532 740 580 casm
765 532 892 580 arouu
916 531 1131 580 uuonoauu.
1212 517 1362 600 [111111.

411 707 558 769 quorum
581 690 780 752 memoriam
802 696 864 753 aut
885 691 1025 752 brevem
1054 695 1115 751 aut
1137 687 1268 751 nullam
1286 707 1359 750 om-

411 787 493 850 nino
519 795 600 851 sunt
626 789 779 851 relicturi
802 789 838 850 in
864 789 992 865 seculo,
1018 807 1082 851 nec
1104 787 1358 870 eleemosynam

410 885 562 950 habituri
591 887 628 949 in
659 883 756 951 Deo:
790 886 949 950 liberales
976 892 1070 963 sunt,
1097 887 1157 968 qui
1182 892 1304 966 captos
1338 905 1360 948 a

410 983 631 1065 praedonibus
655 985 839 1062 redimunt,
856 992 918 1048 aut
940 985 1061 1065 inopes
1077 985 1274 1061 sublevant,
1297 990 1358 1046 aut

410 1101 459 1145 aes
474 1082 623 1145 alienum
643 1084 832 1146 amicorum
854 1083 1058 1165 suscipiunt.
1110 1083 1174 1146 Est
1188 1103 1271 1164 ergo
1286 1082 1357 1144 lar-

410 1181 585 1261 giendum,
598 1182 659 1244 sed
675 1181 859 1262 diligenter
873 1188 909 1244 et
921 1180 1116 1260 moderate3
1133 1181 1250 1263 plures
1265 1181 1357 1243 enim

410 1279 619 1360 patrimonia
650 1298 715 1344 sua
748 1279 897 1342 effudere
928 1280 1122 1343 inconsulte
1154 1278 1355 1360 largiendo:

411 1371 510 1459 ¹quid
524 1397 608 1441 vero
619 1385 673 1441 est
684 1377 825 1442 stultius
842 1397 959 1459 quam,
973 1378 1065 1460 quod
1077 1377 1223 1441 libenter
1239 1377 1359 1456 facias,

409 1495 530 1539 curare
542 1496 586 1540 ne
600 1476 730 1541 diutius
745 1477 857 1540 lacere
873 1478 1010 1558 possisl
1063 1477 1188 1558 Itaque
1204 1477 1355 1558 quidam,

409 1594 487 1638 cum
511 1595 582 1638 non
598 1575 750 1640 habeant
765 1577 857 1657 quod
872 1575 966 1653 dent,
989 1575 1034 1639 ad
1055 1577 1196 1657 rapinas
1213 1595 1356 1639 conver·
1455 1595 1457 1606 ¹

408 1679 550 1753 tuntur3
567 1673 749 1757 majusque
764 1674 880 1738 odium
898 1681 1132 1756 assequuntur
1149 1675 1194 1736 ab
1208 1673 1262 1736 his
1279 1674 1355 1755 qui·

408 1773 473 1834 bus
503 1771 676 1849 auferunt,
704 1791 808 1854 quam
836 1773 1039 1837 beneficium
1072 1775 1115 1836 ab
1150 1773 1204 1836 his
1231 1773 1356 1854 quibus

408 1861 653 1935 contulerunt:
687 1872 780 1954 quod
803 1873 882 1936 huic
904 1873 978 1953 regi
1001 1870 1167 1936 accidisse
1190 1870 1357 1936 dolemus.

409 1969 572 2052 Namque
595 1990 673 2034 cum
688 1971 808 2053 primis
824 1970 933 2034 initiis
947 1971 1045 2052 regni
1063 1977 1154 2033 metu
1174 1971 1354 2033 turbarum

407 2068 533 2132 milites
557 2076 817 2151 congregasset,
832 2069 917 2132 nihil
938 2070 1007 2132 illis
1030 2069 1270 2150 denegandum
1289 2088 1354 2150 pu·

407 2168 517 2244 tabat,
533 2168 666 2252 majora
682 2169 720 2231 in
734 2169 888 2231 futurum
900 2169 1086 2250 pollicitus
1129 2167 1256 2249 Itaque
1272 2169 1354 2249 quia

406 2273 570 2346 paternos
602 2267 783 2332 thesauros
811 2274 998 2330 evacuarat
1022 2260 1198 2348 ²impigre,
1223 2272 1259 2329 et
1280 2285 1354 2329 mo·

406 2364 492 2428 dicae
510 2367 542 2428 ei
556 2366 739 2446 pensiones
763 2368 1043 2442 numerabantur,
1060 2365 1136 2448 jam
1160 2364 1354 2428 substantia

405 2462 597 2541 defecerat;
614 2465 674 2527 sed
692 2465 827 2526 animus
844 2465 1014 2546 largiendi
1029 2483 1098 2527 non
1115 2464 1245 2540 deerat,
1260 2463 1353 2545 quod

405 2579 469 2622 usu
486 2561 636 2624 donandi
649 2581 736 2642 pene
753 2563 789 2624 in
805 2571 967 2626 naturam
976 2568 1149 2626 verterat:
1174 2562 1276 2626 homo
1292 2563 1352 2643 qui

404 2660 553 2723 nesciret
574 2659 811 2742 cujuscunque
838 2663 889 2724 rei
922 2661 1103 2742 effringere
1125 2661 1274 2743 pretium
1296 2661 1354 2724 vel

403 2759 575 2820 aestimare
589 2759 843 2836 commercium,
859 2759 919 2822 sed
934 2761 990 2823 cui
1005 2780 1068 2841 pro
1084 2760 1182 2823 libito
1194 2759 1354 2823 venditor

402 2855 610 2919 distraheret
634 2859 906 2934 mercimonium,
933 2864 968 2921 et
993 2859 1092 2922 miles
1117 2859 1353 2940 pacisceretur

402 2954 623 3035 stipendium.
680 2955 843 3018 Vestium
868 2974 1009 3020 suarum
1040 2957 1190 3038 pretium
1219 2956 1255 3018 in
1288 2957 1351 3019 im·

402 3071 558 3116 mensum
578 3053 700 3116 extolli
714 3054 865 3129 volebat,
881 3053 1072 3135 dedignans
1087 3056 1119 3117 si
1135 3054 1213 3135 quis
1231 3054 1351 3118 allevi-

402 3158 506 3215 asset.
553 3152 713 3233 Denique
736 3152 886 3233 quodam
901 3171 1014 3229 mane,
1029 3146 1123 3216 ³cum
1147 3151 1353 3215 calciaretur

401 3268 511 3313 novas
534 3251 679 3331 caligas,
702 3251 933 3331 interrogavit
958 3249 1205 3314 cubicularium
1231 3251 1354 3330 quanti

400 3349 662 3412 constitissent:
686 3367 765 3423 cum
787 3349 846 3411 ille
868 3349 1103 3431 respondisset
1116 3355 1187 3411 tres
1209 3349 1350 3426 solidoS,

399 3445 679 3528 indignabundus
693 3453 729 3509 et
737 3446 897 3523 fremens,
910 3452 919 3480 ‘
932 3447 1023 3524 Fili,'
1039 3448 1101 3524 ait,
1118 3452 1127 3480 ‘
1140 3447 1348 3512 meretricis!

286 3534 291 3540 ’
400 3563 529 3624 exque
546 3545 650 3608 habet
666 3563 730 3607 rex
744 3545 876 3626 caligas
892 3551 964 3608 tam
984 3545 1085 3609 exilis
1106 3545 1232 3626 pretii'l
1250 3545 1350 3623 vade,

299 3685 302 3689 -
399 3649 435 3705 et
460 3642 544 3706 affer
563 3643 648 3706 mihi
675 3652 809 3725 emptas
832 3662 949 3707 marca
971 3645 1131 3725 argenti’
1184 3643 1256 3707 Ivit
1277 3644 1349 3720 ille,

399 3747 434 3802 et
465 3742 575 3804 multo
606 3742 747 3805 viliores
781 3741 939 3818 afferens,
979 3741 1102 3825 quanti
1136 3749 1350 3823 praeceperat

399 3847 533 3921 emptas
552 3841 738 3903 ementitus
754 3847 816 3902 est.
852 3839 1007 3922 ‘Atqui'
1021 3841 1133 3922 inquit
1148 3859 1224 3916 rex,
1247 3841 1349 3920 ‘istae

433 4063 517 4122 ¹Quid
528 4083 583 4116 vero
595 4103 602 4117 .
616 4067 858 4132 ..posoiawiccrm
920 4091 931 4120 ³
951 4096 1013 4142 cm„
1030 4092 1197 4155 calciaretur]
1215 4093 1244 4141 S.
1267 4093 1295 4142 C.
1317 4093 1348 4140 E.

370 4148 372 4151 .
395 4136 585 4269 degfflgssellj
594 4141 669 4256 Alfi-S.
681 4206 857 4267 D,1„;0mit-
883 4163 1014 4281 &Deum
1033 4179 1078 4225 pro
1097 4163 1169 4211 libito
1187 4163 1348 4222 calciaretur,

394 4274 437 4321 ted
449 4275 475 4321 in
489 4274 518 4323 0.
531 4275 564 4324 E.
