3152 4970
228 499 366 582 mnu]
451 519 564 568 susm
591 520 717 568 nncuu
742 521 958 569 rucconuu.
1111 506 1177 570 677

225 675 359 756 grando
384 676 552 758 percellit,
584 683 773 760 raptusque
806 676 842 739 in
866 675 1025 748 manibus
1053 694 1173 738 eorum

226 774 327 837 vivus
351 774 463 838 adhuc
488 777 525 838 in
548 777 800 858 presbyterium
823 781 904 838 ante
926 773 1037 837 altare
1059 777 1172 838 sancti

226 870 405 936 Pancratii
418 875 580 938 defertur.
635 875 703 938 Ubi
719 874 919 956 aliquandiu
932 872 1171 955 supervivens,

224 989 323 1035 roseo
345 973 446 1037 faciei
468 975 591 1037 rubore
615 975 746 1050 suavis,
765 973 885 1036 eadem
903 971 969 1035 diei
996 971 1170 1054 horaque

222 1070 424 1152 purgandus
445 1071 640 1136 infirmatus
672 1079 737 1148 est,
771 1073 943 1135 cariturus
972 1072 1171 1152 perenniter

223 1170 317 1233 omni
346 1171 451 1248 malo,
479 1189 586 1252 purus
614 1171 779 1253 migravit
811 1171 855 1234 ad
882 1169 1069 1234 Christum.
1122 1170 1168 1233 Et

223 1266 303 1331 vide
328 1289 433 1352 quam
457 1263 677 1334 lmirabiliter
700 1271 736 1332 in
768 1289 809 1333 eo
824 1275 961 1333 ¹cuncta
986 1286 1167 1332 concurre·

222 1373 321 1430 runt:
349 1368 466 1449 passio
494 1368 585 1434 servi
609 1387 686 1432 cum
713 1369 873 1450 passione
896 1367 1058 1445 Domini3
1081 1367 1167 1430 bora

221 1465 418 1548 incipientis
431 1467 653 1543 infirmitatis,
664 1487 743 1530 cum
754 1466 840 1530 hora
854 1465 1050 1548 incipientis
1067 1472 1165 1528 eeter-

221 1582 276 1627 nee
301 1565 444 1644 salutis3
468 1567 621 1648 quinque
642 1565 716 1628 dies
731 1584 817 1646 quos
841 1565 1007 1628 sustinuit
1023 1565 1165 1644 aegritu-

221 1660 322 1739 dinis,
338 1664 452 1744 quinis
468 1664 621 1746 corporis
635 1663 804 1740 sensibuS,
822 1663 948 1745 quibus
965 1682 1065 1725 nemo
1075 1663 1164 1727 vitat

218 1770 411 1842 peccatum,
433 1762 671 1826 emundandis.
723 1762 833 1827 Porro
855 1761 946 1844 quod
966 1759 1087 1844 quinto
1109 1760 1164 1836 die

219 1860 364 1924 necdum
377 1867 555 1926 transacto
569 1862 727 1938 decessit,
740 1869 781 1925 ut
793 1854 937 1936 ²remur,
957 1859 1071 1923 innuit
1086 1879 1164 1922 eum

220 1959 256 2021 in
270 1959 392 2024 ultimo
407 1980 523 2037 sensu,
537 1961 598 2044 qui
614 1966 729 2024 tactus
746 1960 883 2036 dicitur,
898 1978 968 2022 nou
978 1958 1163 2041 perfecisse

216 2066 410 2140 peccatum.
461 2060 582 2124 Tertia
600 2078 681 2122 vero
708 2057 777 2122 diei
799 2057 986 2140 horaque
1010 2064 1046 2121 et
1067 2057 1162 2119 infir-

218 2164 333 2220 matus
359 2165 413 2222 est
442 2166 478 2222 et
505 2157 682 2222 moriendo
710 2159 746 2220 in
770 2157 877 2220 vitam
907 2157 1084 2236 ingressus
1109 2163 1162 2220 est

219 2263 395 2334 aeternam,
411 2257 493 2340 qnid
514 2257 606 2322 aliud
627 2257 782 2320 insinuat
796 2274 900 2339 quam
917 2254 1061 2318 eandem
1083 2254 1162 2336 Spi-

217 2355 304 2419 ritus
322 2356 441 2421 Sancti
456 2357 616 2438 gratiam,
634 2366 714 2439 qua'
725 2373 859 2423 omnem
874 2353 951 2437 ejus
965 2353 1073 2418 vitam
1096 2373 1161 2434 gu-

215 2454 393 2519 bernatam
419 2456 671 2536 cognoscimus,
698 2461 734 2518 et
750 2453 928 2536 ¹infirmato
959 2458 994 2515 et
1021 2451 1162 2515 obeunti

217 2553 394 2618 evidenter
408 2554 570 2618 affuisset
615 2554 665 2618 Ut
679 2553 783 2617 etiam
798 2570 873 2616 csse
890 2569 1074 2633 supparem
1091 2550 1160 2614 illis

216 2653 373 2733 patribus
388 2654 528 2731 nostris,-
542 2647 674 2717 ³0doni
687 2652 820 2716 scilicet
835 2657 939 2732 atque
956 2648 1109 2725 Odiloni,
1125 2657 1160 2712 et

217 2751 339 2815 merito
355 2759 390 2816 et
406 2752 561 2835 praemio,
577 2771 647 2816 non
666 2749 893 2832 ambigamus,
910 2748 1045 2829 insigne
1059 2747 1159 2829 quid·

215 2847 295 2912 dam
318 2850 388 2914 illis
416 2869 615 2916 concessum
640 2849 720 2914 huic
744 2867 883 2931 quoque
906 2847 1071 2911 collatum
1094 2853 1159 2910 est.

216 2947 303 3012 Cum
318 2951 409 3014 enim
432 2951 501 3013 illis
519 2949 705 3015 contulerit
721 2948 895 3012 Dominus
910 2953 950 3010 ut
965 2941 1089 3009 octavo
1103 2945 1160 3008 die

214 3046 461 3113 solennitatum
476 3067 563 3130 quas
586 3067 658 3130 prae
676 3047 810 3111 caeteris
826 3044 1017 3126 diligebant
1033 3045 1159 3108 transi-

215 3153 311 3226 rent;
335 3166 416 3211 nam
433 3155 469 3218 et
482 3148 610 3210 beatus
620 3143 938 3209 Odo'lestivitatem
953 3143 1047 3204 beati
1063 3141 1160 3204 Mar-

214 3244 291 3320 tini,
314 3253 349 3309 et
373 3253 514 3310 sanctus
530 3244 633 3308 Odilo
652 3241 884 3307 Nativitatem
908 3240 1049 3303 Domini
1071 3258 1160 3321 prae·

215 3342 315 3424 cipue
341 3345 517 3421 amabant,
541 3344 577 3406 in
606 3359 752 3424 quorum
779 3346 905 3404 octava
930 3338 986 3402 die
1015 3344 1160 3419 uterque

213 3441 362 3506 decessit
374 3463 383 3522 3
407 3442 546 3507 domino
564 3439 731 3518 Lanzoni,
745 3439 806 3522 qui
819 3457 890 3520 prae
906 3437 1041 3501 caeteris
1055 3436 1160 3520 hujus

204 3533 281 3604 'aevi
296 3540 489 3620 hominibus
505 3540 659 3622 regulam
675 3539 788 3603 sancti
803 3535 984 3601 Benedicti
997 3537 1160 3606 observa·

212 3638 284 3716 bat,
309 3648 345 3704 et
366 3641 504 3706 beatam
519 3640 588 3704 Dei
610 3635 812 3721 genitricem
833 3636 977 3720 ejusque
1005 3633 1161 3698 solennia

212 3738 380 3820 singulari
397 3741 627 3804 venerabatur
651 3737 788 3812 affectu,
813 3734 972 3810 contulit,
995 3739 1034 3795 ut
1057 3732 1161 3797 solita

209 3895 1160 3923 W

246 4003 441 4068 ¹Mirulriliter.]
458 4004 492 4056 A.
504 4005 532 4054 S.
551 4004 586 4054 D.
603 4004 657 4054 Le.
665 4017 674 4063 ;
699 3999 768 4062 Ode,
777 3999 870 4050 second
887 3999 964 4048 abbot
974 3997 1003 4046 oi
1011 3995 1097 4057 Cluui,
1107 4010 1162 4044 wau

212 4076 376 4135 mutabiliter,
390 4076 420 4125 C.
430 4076 462 4123 E.
699 4069 806 4118 founder
821 4069 850 4118 of
864 4069 906 4116 the
923 4067 1030 4116 Cluniae
1055 4067 1111 4114 rule
1135 4067 1162 4113 in

248 4139 384 4212 ’Remar.]
404 4143 544 4203 c.1›.13.;
565 4137 675 4202 reond.
700 4139 742 4187 the
750 4139 819 4188 tenth
827 4141 942 4198 century.
972 4135 1049 4185 Odilo
1057 4149 1112 4184 was
1120 4135 1163 4183 the

212 4215 308 4264 Mi.
700 4208 756 4256 fifth
780 4209 857 4256 abbot
878 4207 907 4255 oi
917 4205 1012 4268 Cluui,
1035 4205 1085 4253 aud
1107 4218 1164 4252 euc-

247 4281 540 4359 {miserrimaeque
553 4271 674 4345 odiunt]
701 4277 903 4326 eeededinoou.
951 4349 973 4412 2
1100 4313 1103 4318 .

989 4365 1013 4412 Y
