3152 4970
229 501 371 584 mnu]
462 519 722 570 ensrnnnouu
746 517 961 570 rucconuu.
1114 506 1179 570 645

227 673 352 738 biles”
400 676 506 740 Dices
519 677 638 760 itaque
656 677 763 742 “Mei
778 676 843 742 hoc
854 676 945 761 juris
959 666 1047 740 est.’'
1093 676 1176 742 Non

229 773 371 857 utique:
396 794 465 839 non
487 783 542 840 est
566 777 838 859 imperatorium,
860 796 930 840 non
951 776 1098 859 regium,
1113 777 1174 841 sed

228 871 404 954 divinum3
421 875 529 938 solius
542 875 636 939 illius
651 884 704 941 est
720 877 780 959 qui
793 877 883 940 dixit
896 876 1007 958 “Ego
1022 895 1098 939 sum
1116 895 1172 940 os-

229 971 352 1036 tium.''
403 973 505 1038 Unde
521 994 584 1056 pro
598 975 675 1057 ipso
690 983 725 1040 te
738 995 837 1056 rogo,
852 975 952 1059 cujus
967 974 1032 1038 hoc
1047 995 1172 1039 munus
1251 1055 1254 1060 f

227 1063 293 1147 est,
307 1079 348 1136 ut
360 1071 484 1136 reddas
499 1072 564 1138 hoc
579 1074 668 1156 ipsi3
683 1074 751 1156 ipsi
767 1074 933 1151 dimittas,
948 1073 1047 1157 cujus
1062 1075 1172 1138 amori

227 1170 332 1235 etiam
349 1190 428 1252 quae
442 1179 505 1236 tua
529 1180 611 1236 sunt
630 1173 745 1238 debes.
798 1172 874 1237 Nos
893 1180 1009 1238 autem
1025 1192 1087 1236 cur
1100 1180 1169 1238 tuae

226 1270 459 1334 obniteremur
475 1271 660 1350 voluntati,
676 1292 738 1337 cnr
759 1273 1004 1337 obsisteremus
1025 1273 1168 1354 gratiae3

225 1369 293 1431 nisi
308 1368 388 1446 Dei,
403 1371 439 1433 in
454 1370 557 1455 hujus
573 1372 704 1452 negotii
718 1391 901 1448 consensu,
915 1363 1080 1435 sciremus
1105 1391 1169 1435 nos

224 1468 399 1532 voluntati
420 1470 572 1546 obviare,
598 1471 747 1552 gratiam
769 1472 954 1534 amitteret
999 1468 1079 1541 ,Cur
1105 1471 1169 1534 tibi

225 1567 410 1649 quicquam
432 1587 650 1650 negaremus,
672 1569 764 1651 quod
789 1570 951 1652 cuiquam
972 1575 1065 1632 esset
1079 1588 1169 1632 mor-

224 1665 346 1729 talium
372 1667 640 1746 concedendum,
664 1688 741 1731 cum
768 1669 935 1733 beneficia
963 1666 1007 1732 de
1032 1674 1068 1732 te
1093 1686 1167 1730 am-

223 1765 337 1848 pliora
360 1767 632 1848 sumpserimus?
684 1767 849 1850 Prospice
863 1766 930 1854 (fili
952 1764 1168 1853 charissime)

225 1870 341 1927 utrum
361 1863 466 1929 decus
480 1885 526 1929 an
543 1865 691 1930 dedecus
708 1866 772 1931 tibi
794 1867 851 1943 sit,
868 1859 961 1950 quod
982 1864 1167 1949 sapientis·

223 1963 331 2026 simus
350 1982 392 2027 ac
409 1965 687 2046 religiosissimus
706 1965 966 2030 Gallicanorum
989 1966 1168 2048 episcopo-

223 2082 300 2126 rum
324 2053 512 2127 Anselmus
534 2072 675 2147 propter
695 2064 761 2130 hoc
780 2072 840 2128 tuo
857 2064 958 2128 lateri
979 2054 1166 2143 adhaerere,

223 2167 284 2225 tuo
298 2170 437 2226 veretur
450 2164 487 2226 in
503 2183 610 2245 regno
625 2153 824 2229 consistere.
870 2155 941 2242 Qui
957 2170 1059 2227 tanta
1073 2163 1116 2226 de
1132 2154 1166 2229 te

222 2260 315 2324 bona
339 2260 506 2326 hactenus
533 2262 727 2340 audierant,
755 2262 904 2345 quidde
931 2269 966 2326 te
991 2263 1165 2327 sentientt

222 2360 305 2441 quid
322 2360 518 2443 loquentur,
536 2381 612 2425 cum
636 2361 701 2426 hoc
718 2362 822 2427 suerit
841 2363 877 2425 in
903 2361 1100 2443 regionibus
1113 2361 1165 2424 di-

221 2459 427 2540 vulgatum?
480 2461 554 2544 Ipsi
569 2461 630 2544 qui
642 2481 758 2526 coram
774 2468 809 2526 te
825 2451 905 2525 tuos
924 2459 1089 2524 excessus
1104 2479 1166 2523 ex-

222 2558 362 2636 tollunt,
386 2579 463 2624 cum
488 2561 673 2642 praesentia
695 2568 757 2625 tua
782 2548 972 2636 caruerint,
998 2549 1065 2624 hoc
1087 2579 1166 2642 pro-

222 2656 313 2721 fecto
336 2659 484 2723 validius
513 2659 741 2725 infamabunt.
794 2660 885 2724 Redi
912 2655 995 2741 ergo
1019 2658 1167 2744 (charis-

223 2756 308 2821 sime
321 2754 388 2842 fili)
403 2758 447 2823 ad
463 2765 634 2824 cortuum
655 2748 796 2843 propter
813 2757 1081 2823 misericordiam
1099 2758 1167 2822 Dei

222 2862 257 2920 et
271 2864 413 2940 propter
423 2877 574 2923 amorem
587 2858 766 2942 Unigeniti
782 2859 1026 2943 deprecamur:
1042 2876 1167 2922 revoca

222 2963 396 3037 pastorem
415 2964 525 3034 tuum,
541 2977 668 3023 revoca
681 2966 815 3040 patrem
833 2965 952 3037 tuum3
971 2966 1007 3020 et
1024 2955 1054 3020 si
1071 2956 1166 3038 quid,

221 3056 314 3137 quod
328 3076 398 3120 non
414 3057 607 3138 opinamur,
622 3056 763 3138 gravius
779 3056 946 3121 adversus
961 3063 996 3119 te
1009 3054 1166 3136 gesserit,

222 3155 253 3218 si
266 3155 492 3219 investituras
508 3162 691 3219 aversatus
706 3155 824 3232 fueris,
847 3175 910 3219 nos
921 3143 1029 3238 justa
1043 3154 1166 3217 volun-

223 3259 331 3317 tatem
343 3259 452 3329 tuam,
467 3260 635 3335 quantum
651 3272 729 3316 cum
748 3253 826 3318 Deo
837 3243 1033 3336 possumuS,
1051 3252 1166 3316 mode-

223 3351 397 3416 rabimur:
421 3358 461 3415 tu
473 3358 591 3415 tamen
605 3351 686 3414 talis
701 3351 848 3434 repulsae
861 3351 1039 3415 infamiam
1053 3369 1075 3412 a
1089 3370 1167 3433 per-

222 3457 310 3516 'sona
326 3458 388 3514 tua
405 3457 440 3515 et
455 3470 562 3532 regno
581 3458 771 3515 removeas.
824 3450 913 3515 Haec
928 3450 959 3514 si
976 3447 1110 3526 feceris,
1133 3458 1169 3515 et

222 3550 253 3614 si
270 3549 393 3631 gravia
405 3551 569 3632 quaelibet
583 3570 606 3615 a
619 3551 719 3614 nobis
733 3549 885 3633 petieris,
903 3569 981 3632 quae
995 3569 1073 3613 cum
1090 3549 1168 3613 Deo

219 3649 368 3733 praebem'
381 3648 531 3714 facultas
553 3650 611 3727 sit,
632 3649 789 3734 profecto
805 3648 1037 3732 consequeris,
1054 3654 1089 3712 et
1105 3659 1168 3730 pro

220 3757 257 3813 te
273 3735 460 3813 Dominum
483 3748 561 3832 ipso
580 3748 770 3833 adjuvante
784 3767 930 3814 exorare
949 3748 1145 3812 curabimus
1159 3768 1168 3827 ;

222 3847 318 3912 etde
340 3849 494 3930 peccatis
508 3855 579 3913 tam
597 3849 661 3912 tibi
681 3867 785 3931 quam
800 3847 942 3932 conjugi
965 3855 1048 3923 tuae,
1069 3865 1171 3910 sanc-

222 3953 336 4012 torum
353 3948 590 4028 apostolorum
612 3947 757 4024 meritis,
776 3947 1028 4028 indulgentiam
1052 3951 1087 4008 et
1109 3945 1170 4008 ab·

222 4047 428 4110 solutionem
444 4044 619 4123 faciemus.
662 4046 790 4109 Filium
806 4054 924 4110 autem
941 4053 1050 4120 tuum,
1065 4063 1168 4126 quem

221 4165 265 4209 ex
280 4145 461 4228 spectabili
476 4151 512 4208 et
525 4145 677 4227 gloriosa
692 4145 840 4229 conjuge
854 4143 1050 4225 suscepisti,
1065 4162 1168 4223 quem

224 4244 282 4331 (ut
310 4241 522 4328 audivimus)
552 4245 683 4326 egregii
714 4245 825 4327 patris
841 4243 1007 4308 Willelmi
1036 4243 1174 4307 nomine

949 4342 972 4406 2
995 4359 1018 4407 u
