3140 4974
381 482 449 546 616
598 498 711 545 essm
736 497 862 544 aucun
885 495 1101 543 Auenoauu.
1197 481 1284 562 [niu.
1301 497 1334 542 v.

383 652 519 735 losophi
543 659 741 733 regnarent,
765 651 820 716 vel
851 669 951 731 reges
981 650 1334 732 philosopharentur!

387 751 613 832 Philosophia
637 771 720 832 ergo
748 771 818 813 non
841 751 928 813 adeo
950 749 1087 813 exiliter
1112 750 1332 830 informatus,

386 851 514 914 sensim
527 851 682 913 discebat
696 857 735 913 ut
749 869 911 913 successu
922 849 1087 930 temporis
1099 851 1331 930 provinciales

387 951 504 1013 mitius
531 939 733 1026 contineret,
760 949 886 1012 milites
908 948 1043 1011 nonnisi
1068 947 1329 1030 diligentissime

386 1048 570 1130 explorata
583 1049 788 1112 necessitate
803 1047 1015 1111 committere
1031 1047 1170 1111 sineret.
1206 1050 1330 1133 Itaque

386 1149 569 1231 pueritiam
594 1148 638 1210 ad
663 1166 759 1228 spem
780 1147 879 1227 regni
898 1146 1008 1209 literis
1029 1147 1226 1227 muniebat3
1250 1151 1331 1214 sub·

385 1246 477 1324 inde,
490 1256 590 1330 patre
601 1266 738 1329 quoque
749 1247 922 1323 audiente,
933 1244 1098 1327 jactitare
1112 1249 1331 1330 proverbium

385 1347 522 1423 solitus,
538 1346 641 1409 ‘Rex
655 1346 850 1422 illiteratus,
868 1346 986 1407 asinus
1003 1346 1213 1408 coronatus!
1264 1349 1330 1412 Fe·

384 1453 466 1508 runt
494 1446 684 1527 quinetiam
721 1446 911 1526 genitorem
947 1463 1017 1506 non
1055 1451 1329 1525 praetereuntem,

384 1551 507 1607 notata
521 1563 655 1608 morum
676 1544 752 1627 ejus
773 1543 1020 1626 compositione
1033 1543 1157 1624 quibus
1174 1546 1329 1610 vivacem

385 1642 604 1724 prudentiam
627 1643 747 1719 aleret,
762 1644 806 1707 ab
819 1662 889 1706 uno
911 1643 1056 1705 fratrum
1078 1641 1211 1720 laesum,
1229 1653 1264 1708 et
1278 1647 1329 1709 la-

386 1740 622 1824 chrymantem
645 1741 699 1805 his
723 1743 907 1819 animasse,
931 1740 1013 1804 ‘Ne
1036 1739 1133 1818 fleas,
1158 1743 1218 1820 fili,
1243 1765 1329 1826 quo·

387 1841 480 1904 niam
493 1849 528 1905 et
542 1848 581 1905 tu
594 1833 762 1904 rexeris!

223 1960 325 2010 nemo
432 1939 537 2023 §39L
548 1935 735 2005 lVicesimo
749 1960 832 2022 ergo
847 1940 957 2023 primo
968 1939 1067 2020 regni
1080 1941 1214 2020 paterni
1226 1960 1328 2019 anno,

222 2011 366 2109 iiiiiiirf'
385 2040 501 2103 aetatis
530 2059 603 2103 suae
631 2039 892 2117 nonodecimo,
920 2040 956 2101 in
987 2038 1206 2117 Pentecoste,
1235 2043 1328 2122 apud

224 2111 347 2202 idie'de'.
385 2137 733 2204 westmonasterium
762 2140 910 2220 sumpsit
935 2156 1031 2200 arma
1062 2139 1084 2199 a
1109 2144 1219 2218 patre,
1250 2160 1328 2204 cum

385 2257 454 2319 quo
471 2245 555 2302 tunc
571 2239 823 2303 Normanniam
843 2237 1025 2317 navigans,
1038 2257 1109 2299 non
1123 2238 1233 2301 multo
1249 2248 1329 2321 post

383 2357 537 2418 praesens
558 2338 669 2401 funeri
688 2338 763 2421 ejus
784 2338 907 2414 astitit,
923 2335 1057 2399 caeteris
1078 2335 1242 2400 iratribus
1258 2359 1327 2420 quo

384 2455 553 2519 quemque
574 2455 654 2518 spes
670 2437 799 2500 tulerat
818 2434 972 2517 dilapsis,
986 2442 1026 2499 ut
1039 2435 1195 2515 superior
1216 2456 1328 2501 sermo

384 2553 453 2597 non
477 2535 637 2599 occuluit
690 2535 911 2617 Quapropter
926 2540 1070 2616 paterna
1092 2534 1327 2600 benedictione

383 2640 419 2695 et
447 2641 603 2697 materna
637 2633 852 2711 haereditate,
881 2633 1051 2720 simulet
1081 2632 1328 2714 multiplicibus

382 2729 555 2794 thesauris
567 2727 698 2809 ²nixus,
715 2732 935 2815 supercilium
947 2750 1187 2812 germanorum
1203 2742 1325 2813 parum

381 2827 543 2907 faciebat,
563 2832 701 2912 utrique
716 2832 772 2895 vel
794 2832 960 2894 assistens
977 2823 1031 2895 vel
1053 2831 1241 2894 adversans
1263 2821 1326 2913 pro

382 2928 524 2993 merito:
548 2929 745 2994 inclinatior
768 2949 872 3012 porro
900 2930 1054 2993 Roberto
1078 2949 1141 3011 pro
1165 2939 1324 2995 mansue-

381 3026 512 3104 tudine,
528 3028 604 3112 ejus
620 3029 798 3093 lenitatem
820 3049 884 3093 suo
906 3030 1020 3110 rigore
1043 3030 1226 3108 satagebat
1243 3049 1324 3094 acu-

380 3145 449 3190 ere.
501 3126 659 3206 ·Contra,
686 3128 756 3206 ille,
787 3120 1087 3193 noxia'saeilitate
1114 3127 1324 3194 delatoribus

380 3224 552 3305 credulus,
583 3229 724 3290 fratrem
755 3228 964 3291 immeritum
994 3226 1129 3309 injuriis
1158 3217 1322 3306 vexabat,

379 3344 466 3405 quas
480 3327 536 3390 vel
553 3327 703 3390 breviter
720 3334 843 3390 taxare
858 3346 929 3389 non
944 3324 1009 3387 erit
1023 3325 1261 3406 incongruum.

218 3437 358 3480 namneus
430 3423 532 3506 §392
557 3425 609 3489 Eo
627 3433 793 3507 tempore,
814 3444 895 3507 quo,
911 3423 1134 3487 frementibus
1156 3424 1322 3488 adversus

216 3487 337 3578 lldltd'
377 3519 590 3586 Willelmum
623 3525 812 3587 secundum
837 3521 976 3604 Angliae
1006 3515 1217 3602 proceribus,
1249 3524 1323 3588 Ro-

216 3585 282 3636 ¹‘¹⁸¹²'
376 3620 495 3683 bertus
515 3622 551 3683 in
569 3621 786 3686 Normannia
798 3629 940 3686 ventum
955 3614 1174 3703 ³prosperum
1197 3642 1323 3705 expec-

410 3913 418 3945 ¹
449 3916 568 3966 Vicesimo
595 3930 653 3976 ergo
677 3915 757 3977 primo
861 3929 922 3977 year
933 3919 1006 3978 losa,
1023 3915 1049 3963 in
1063 3915 1106 3964 the
1120 3917 1323 3979 twentietlryear

372 3986 463 4048 uaao.]
488 3985 601 4033 William
625 3985 667 4032 the
691 3984 836 4045 Conquerar
860 3985 889 4033 of
896 3985 937 4032 his
947 3981 1050 4034 lather's
1060 3985 1140 4046 reign.

372 4069 428 4103 was
444 4055 539 4103 abroad
555 4058 581 4102 at
599 4055 734 4102 Pentecost
749 4054 776 4101 in
792 4053 834 4101 the
895 4051 1023 4116 *Nixurd
1036 4053 1069 4103 A.
1080 4054 1109 4104 d.
1121 4055 1151 4104 G.
1160 4053 1195 4103 D.
1208 4055 1264 4103 Ea.
1273 4054 1321 4115 L.;

373 4125 534 4184 twenty-first
557 4137 618 4185 year
639 4122 668 4170 ol
692 4121 733 4170 his
754 4122 835 4185 reign,
858 4125 1016 4182 nexus‚El.

372 4193 442 4243 A.D.
466 4197 538 4242 lost.
591 4192 681 4252 Henry
710 4191 835 4239 undoubt-
894 4186 1086 4260 ³Proeperam.]
1096 4191 1130 4241 A.
1144 4193 1174 4243 C,
1186 4191 1221 4242 D.
1234 4183 1323 4254 E.n'.;

371 4262 430 4324 edly
442 4261 558 4310 received
573 4259 730 4324 knighthood
748 4261 774 4309 in
791 4260 834 4310 the
845 4303 846 4312 ,
858 4261 961 4309 omitted
972 4262 999 4310 in
1011 4261 1039 4310 S.
