3148 4982
406 491 471 555 466
620 505 735 555 cnsrn
760 507 887 555 annun
911 506 1127 554 nunnoaun.
1200 491 1289 573 [nm.
1305 509 1359 556 ιιι.

243 681 372 770 gaarma
406 672 453 742 et,
471 672 551 747 post
565 665 673 729 libata
687 666 819 743 oscula,
834 665 871 728 in
886 663 987 747 panis
1002 662 1259 728 similitudinem
1276 683 1358 728 con·

263 743 357 783 ‘'⁰⁰⁸⁸''
406 784 544 829 versum
566 766 803 830 ecclesiastico
822 785 917 828 more
940 765 1148 846 sumpsisse:
1181 764 1274 846 quod
1301 783 1358 827 ar-

405 865 545 946 roganti
567 866 789 930 cavillatione
810 864 926 929 ferunt
942 864 1194 945 Berengarium
1216 883 1358 946 carpere

406 964 558 1042 solitum,
574 971 610 1028 et
625 964 749 1042 dicere,
764 963 950 1046 ‘Speciosa
963 971 1056 1028 certe
1076 983 1147 1046 pax
1163 963 1357 1039 nebulonis,

407 1071 458 1140 ut,
481 1063 537 1127 cui
559 1065 629 1129 oris
654 1065 850 1150 praebuerat
865 1063 1013 1140 basium,
1036 1063 1190 1127 dentium
1214 1063 1357 1127 inferret

406 1163 576 1226 exitium.’
627 1164 741 1241 Quale
763 1163 805 1226 de
830 1164 975 1246 pusione
997 1162 1021 1227 J
1024 1162 1170 1242 udaico,;
1193 1162 1297 1244 quod,
1320 1163 1357 1225 in

406 1262 588 1326 ecclesiam
611 1283 687 1326 cum
706 1258 878 1345 ¹aequaevo
894 1261 1094 1326 Christiano
1108 1262 1198 1326 sorte
1215 1270 1252 1326 et
1264 1262 1355 1325 ludi·

405 1362 521 1427 bunde
535 1363 724 1444 ingressus,
738 1363 827 1427 vidit
843 1382 987 1444 puerum
1006 1363 1043 1425 in
1061 1381 1123 1426 ara
1138 1347 1354 1426 membratim

406 1461 567 1545 discerpi,
589 1470 624 1526 et
642 1462 771 1527 viritim
792 1462 922 1544 populo
939 1462 1059 1528 dividi.
1103 1460 1146 1524 Id
1165 1481 1243 1524 cum
1255 1462 1354 1526 inno-

406 1563 521 1624 centia
543 1562 667 1644 puerili
694 1563 895 1645 parentibus
919 1582 982 1644 pro
1008 1580 1091 1626 vero
1114 1568 1295 1638 assereret,
1317 1559 1354 1624 in

405 1681 527 1742 rogum
551 1661 728 1726 detrusum
750 1662 809 1725 ubi
829 1661 968 1726 occluso
991 1661 1081 1726 ostio
1105 1662 1278 1726 aestuabat
1300 1661 1354 1724 in·

405 1761 574 1837 cendium,
592 1761 710 1826 multis
724 1769 803 1843 post
819 1761 913 1826 horis
936 1761 1010 1824 sine
1024 1760 1166 1844 jactura
1188 1760 1354 1842 corporis,

406 1861 689 1943 exuviarumque,
720 1867 755 1926 et
783 1861 887 1929 etiam
916 1860 1072 1938 crinium,
1099 1879 1122 1926 a
1147 1859 1354 1924 Christianis

406 1967 614 2038 extractum,
635 1961 938 2045 interrogatusque
952 1960 1125 2043 quomodo
1138 1979 1282 2025 voraces
1302 1960 1355 2041 ig-

405 2060 501 2122 nium
534 2060 658 2142 globos
682 2061 844 2138 evaserit,
868 2060 1058 2144 respondit,
1088 2059 1182 2124 ‘Illa
1209 2060 1355 2142 pulchra

405 2157 548 2222 fdemina
562 2179 666 2242 quam
683 2160 755 2225 vidi
768 2159 887 2224 sedere
903 2161 940 2223 in
955 2159 1132 2237 cathedra,
1146 2159 1247 2243 cujus
1262 2159 1354 2224 filius

404 2259 533 2341 populo
562 2260 793 2337 dividebatur,
819 2279 954 2342 semper
977 2259 1062 2323 mihi
1085 2261 1122 2322 in
1145 2260 1281 2324 camino
1306 2259 1350 2322 ad

405 2358 564 2422 dextram
580 2360 704 2438 astitit,
716 2360 930 2424 flammineas
945 2360 1057 2423 minas
1073 2367 1108 2423 et
1124 2358 1240 2423 fumea
1254 2360 1352 2424 volu·

405 2458 500 2522 mina
513 2459 616 2541 peplo
630 2479 693 2522 suo
707 2459 952 2524 summovens.’

242 2571 289 2660 ἕξις
297 2571 373 2662 3132·
457 2557 567 2640 §282
590 2558 690 2622 'l'unc
712 2559 749 2622 in
773 2560 952 2642 provincia
968 2559 1161 2635 Walarum,
1178 2576 1256 2641 quae
1278 2559 1352 2622 Ros

243 2671 393 2720 myorwn-
405 2666 563 2734 vocatur,
584 2658 762 2722 inventum
788 2666 842 2722 est
863 2660 1083 2741 sepulchrum
1100 2658 1272 2734 Walwen,
1293 2659 1353 2741 qui

242 2731 296 2762 ’ω’
404 2757 470 2821 fuit
486 2757 578 2822 haud
594 2759 744 2840 degener
756 2757 897 2822 Arturis
911 2779 956 2822 ex
973 2779 1092 2824 sorore
1103 2777 1222 2840 nepos.
1255 2758 1351 2838 Reg-

404 2857 502 2921 navit
532 2858 569 2921 in
597 2877 639 2922 ea
666 2866 765 2940 parte
789 2858 982 2922 Britanniae
1008 2879 1087 2942 quae
1119 2857 1232 2921 adhuc
1252 2857 1352 2921 Wal-

404 2957 533 3022 weitha
558 2965 722 3022 vocatur:
757 2958 855 3020 miles
885 2959 1015 3023 virtute
1045 2957 1352 3036 nominatissimus

404 3057 509 3120 seda
535 3056 643 3122 fratre
669 3063 705 3121 et
733 3064 859 3139 nepote
885 3058 1077 3140 Hengistii,
1103 3056 1146 3120 de
1170 3057 1294 3139 quibus
1316 3056 1352 3119 in

403 3157 514 3238 primo
544 3157 632 3222 libro
660 3157 747 3234 dixi,
777 3177 886 3238 regno
914 3158 1093 3240 expulsus,
1118 3156 1214 3239 prius
1241 3156 1351 3221 multo

403 3275 523 3320 eorum
552 3255 759 3321 detrimento
797 3257 940 3321 exilium
971 3275 1199 3339 compensans
1227 3275 1351 3336 suum3

403 3356 659 3421 communicans
673 3357 795 3420 merito
810 3356 905 3419 laudi
920 3356 1096 3432 avunculi,
1113 3355 1206 3439 quod
1221 3354 1353 3418 ruentis

403 3456 526 3536 patriae
551 3474 669 3519 casum
692 3456 729 3518 in
751 3455 867 3539 plures
889 3475 999 3519 annos
1023 3455 1231 3519 distulerint.
1283 3453 1351 3518 Sed

403 3551 543 3618 Arturis
565 3554 785 3637 sepulchrum
799 3575 970 3637 nusquam
985 3556 1121 3631 visitur,
1144 3554 1235 3618 unde
1261 3554 1351 3618 anti-

403 3655 518 3736 quitas
533 3655 725 3719 naeniarum
740 3654 851 3719 adhuc
867 3675 945 3719 eum
962 3663 1147 3720 venturum
1163 3653 1350 3718 fabulatur.

403 3752 590 3832 Caeterum,
615 3754 757 3818 alterius
775 3756 927 3833 bustum,
950 3762 989 3820 ut
1011 3755 1174 3838 praemisi,
1196 3762 1351 3835 tempore
1557 3745 1560 3806 l

401 3853 569 3918 Willelmi
591 3853 683 3936 regis
705 3863 879 3937 repertum
907 3862 960 3921 est
985 3873 1209 3936 superorum
1235 3852 1352 3932 maris,
1552 3829 1559 3954 l

401 3953 662 4035 quatuordecim
684 3955 790 4036 pedes
814 3955 979 4036 longum3
1012 3954 1072 4019 ubi
1098 3973 1120 4016 a
1145 3952 1352 4037 quibusdam
1554 3954 1558 4029 l

402 4055 567 4119 asseritur
593 4054 637 4118 ab
668 4053 825 4119 hostibus
853 4054 1068 4131 vulneratuS,
1100 4061 1135 4116 et
1166 4051 1349 4133 naufragio
1551 4090 1559 4339 ι

590 4284 599 4317 ¹
611 4287 748 4351 AEqaoeco.]
766 4289 801 4338 D.
813 4289 845 4339 Ε.
858 4288 906 4350 L.;
922 4303 1077 4352 coaequaero,
1088 4288 1117 4338 S.
1132 4289 1162 4338 0.

1337 4551 1341 4559 ’
1545 4436 1558 4950 l
