3148 4982
230 439 299 484 mn.
315 421 389 505 111]
463 435 576 484 onera
601 436 727 485 annun
752 435 967 485 nncnonun.
1119 421 1185 485 469

230 611 392 656 numerus
409 590 633 655 bestiolarum
658 598 697 654 ut
718 591 754 654 in
768 592 958 673 quamlibet
972 593 1087 675 ampla
1102 613 1182 675 pro-

230 693 346 757 vincia
361 697 416 755 tot
432 710 507 754 esse
523 709 593 753 non
610 697 826 773 putarentur.
879 690 1004 774 Itaque
1021 691 1181 770 fustibus,

231 799 267 855 et
279 790 519 886 subselliorum
535 807 614 871 quae
629 789 673 854 ad
688 809 827 852 manum
842 792 1072 855 occurrissent
1088 790 1180 874 frag-

230 891 391 966 minibus,
405 888 463 951 diu
479 889 516 951 in
536 907 595 952 eas
619 888 791 965 savirum,
811 891 1077 972 necquicquam
1099 910 1180 971 pro·

230 990 378 1068 fectum3
402 993 438 1050 et
450 990 609 1070 quamvis
624 1007 645 1050 a
662 989 796 1052 cunctis
819 988 1078 1069 repellerentur,
1093 991 1180 1054 nulli

232 1097 347 1152 tamen
372 1105 501 1150 noxam
517 1085 682 1150 vicariam
707 1086 922 1166 reserebant3
945 1088 1043 1151 illum
1068 1088 1180 1152 solum

232 1188 405 1262 dentibuS,
431 1186 528 1249 illum
553 1185 698 1249 terribili
722 1185 872 1268 quodam
900 1194 1045 1250 occentu
1067 1206 1183 1268 perse-

233 1287 437 1368 quebantur.
489 1285 712 1366 Quapropter
734 1303 756 1348 a
780 1283 919 1347 famulis
940 1285 1181 1369 ultrajectum

234 1386 372 1466 sagittae
388 1385 424 1446 in
439 1382 585 1464 pelagus
604 1390 802 1464 provectus,
826 1402 890 1446 nec
914 1384 964 1447 sic
979 1384 1181 1448 violentiam

233 1485 363 1562 evasit3
392 1481 557 1546 continuo
581 1481 672 1546 enim
699 1489 799 1546 tanta
822 1483 876 1546 vis
901 1483 1049 1546 murium
1073 1490 1181 1565 ponto

233 1581 415 1646 inundavit
432 1587 472 1643 ut
494 1599 644 1643 marmor
668 1580 777 1663 paleis
800 1588 1014 1645 constratum
1029 1582 1179 1666 jurares

233 1680 300 1745 Sed
315 1701 393 1744 cum
404 1680 479 1764 jam
496 1679 655 1743 tabulata
679 1680 777 1743 navis
793 1679 1025 1758 corroderent,
1042 1688 1078 1745 et
1094 1700 1182 1745 nau·

233 1780 382 1862 fragium
410 1779 643 1841 indubitatum
677 1797 770 1861 aqua
802 1798 866 1860 per
893 1778 1035 1843 rimulas
1067 1780 1183 1862 ingre-

219 1879 330 1965 diens
344 1879 545 1952 minaretur,
559 1877 749 1940 servientes
769 1897 920 1960 puppem
941 1877 986 1940 ad
1008 1878 1106 1942 littus
1129 1899 1183 1942 re-

234 1984 408 2060 torquent.
459 1975 549 2039 'l'um
582 1995 665 2040 vero
699 1977 874 2054 animalia,
897 1976 1004 2058 juxta
1031 1977 1184 2040 carinam

236 2061 496 2158 annavigantia,
521 2075 639 2157 priora
664 2075 709 2138 ad
733 2081 860 2137 terram
885 2075 1111 2154 perveniunt3
1134 2076 1185 2138 ita

236 2175 339 2240 miser
352 2175 411 2238 ille
429 2175 467 2237 in
490 2173 622 2237 aridam
643 2173 834 2255 expositus,
857 2192 1007 2254 moxque
1024 2179 1119 2236 totus
1133 2173 1185 2236 di-

234 2275 419 2352 laceratus,
433 2272 639 2338 horrendam
652 2273 800 2337 murium
815 2270 942 2338 famem
957 2272 1123 2354 explevit.

268 2465 365 2524 QUOD
389 2465 491 2524 QUEM
518 2463 733 2512 LEOPARDUS
757 2462 943 2511 Monulcus
966 2463 1162 2511 ATTlGERl'l'

513 2563 637 2612 MURES
662 2563 916 2612 GOMMINGAN'l'.

290 2670 308 2752 §
332 2670 409 2736 291.
439 2670 524 2735 Ideo
554 2671 668 2733 minus
698 2670 764 2735 boc
790 2671 914 2733 mirum
940 2669 1073 2753 judico,
1107 2670 1190 2753 quia

239 2777 370 2832 certum
396 2777 450 2832 est
474 2770 510 2833 in
535 2767 702 2834 Asiaticis
728 2768 925 2850 regionibus
951 2769 981 2831 si
1005 2768 1190 2852 leopardus

240 2867 389 2950 aliquem
425 2868 598 2931 mordicus
633 2868 800 2949 attigerit,
831 2868 1012 2932 confestim
1042 2869 1190 2931 murium

240 2966 376 3048 copiam
405 2965 605 3044 adventare,
634 2973 674 3029 ut
696 2967 915 3030 vulneratum
943 2966 1189 3047 commingant,

239 3064 452 3128 immundum
466 3065 577 3128 urinae
596 3065 765 3129 diluvium
785 3065 942 3128 comitari
958 3063 1108 3127 bominis
1128 3084 1190 3128 ex·

239 3163 358 3242 itium3
377 3164 432 3226 sin
448 3183 531 3228 vero
547 3163 732 3227 sedulitate
749 3163 939 3226 arcentium
956 3161 1190 3225 ministrorum

240 3262 333 3324 intra
348 3281 472 3326 novem
488 3262 560 3325 dies
577 3263 689 3326 vitata
706 3261 810 3324 fuerit
832 3260 1013 3342 pernicies,
1028 3260 1191 3324 advocari

240 3360 448 3423 medicorum
463 3360 669 3425 industriam
684 3358 839 3443 prolecto
849 3359 1048 3423 valituram.
1097 3358 1191 3423 Con·

241 3460 395 3540 spicatus
410 3465 464 3523 est
480 3458 610 3523 relator
625 3477 722 3522 meus
739 3457 912 3540 quendam
926 3457 1095 3541 ejusmodi
1110 3478 1192 3522 sau·

242 3559 344 3635 cium,
360 3577 438 3621 cum
455 3558 654 3640 desperaret
673 3558 709 3620 in
730 3564 824 3621 terra
846 3556 1006 3634 salutem,
1022 3557 1059 3620 in
1082 3557 1193 3621 altum

239 3656 346 3739 jactis
357 3656 517 3720 anchoris
530 3655 739 3739 processisse
751 3676 759 3736 ;
783 3674 846 3719 nec
859 3674 968 3732 mora,
982 3649 1116 3738 ¹plures
1133 3655 1193 3719 illo

242 3774 357 3819 mures
383 3774 544 3832 annasse,
570 3755 755 3820 corticibus
779 3753 947 3818 malorum
969 3759 1193 3835 granatorum

242 3873 389 3936 quorum
424 3854 592 3917 medullas
623 3853 812 3917 exederant
841 3853 1007 3928 inclusos,
1038 3851 1195 3914 mirabile

243 3952 348 4028 dictu,
366 3950 426 4015 sed
441 3953 721 4035 obstrepentibus
735 3952 852 4015 nautis
867 3951 1050 4014 demersos.
1097 3948 1197 4012 Nihil

279 4185 288 4218 ¹
302 4190 391 4238 Plures
401 4188 465 4252 illa]
485 4189 516 4240 G.
529 4189 564 4239 D.
577 4191 609 4239 Ε.
619 4205 626 4250 ;
637 4188 773 4250 plusquam
784 4189 863 4250 mille,
872 4187 917 4248 S.;
928 4187 987 4248 plus
997 4187 1076 4324 gille,
1086 4186 1119 4238 A.
1127 4187 1159 4238 L.

1034 4279 1045 4326 l

1202 2688 1296 2728 Another

1201 2738 1284 2788 legend.
