3148 4982
382 472 449 536 536
604 487 718 536 cnsrn
741 487 869 537 uncum
893 487 1107 536 nucnonuu.
1184 472 1269 554 [nm.
1287 489 1337 536 ιν.

385 645 478 709 notis
506 644 640 708 artibus
665 644 785 708 toxica
807 642 864 709 vel
888 642 1087 707 fluminibus
1106 642 1163 707 vel
1181 643 1338 723 vestibus

385 743 590 808 infundens:
614 744 674 807 sed
691 744 766 808 haec
784 742 1017 826 postmodum.
1069 741 1161 805 Turn
1178 761 1261 806 vero
1276 762 1337 806 ex·

387 843 533 906 ercitum
558 844 643 906 urbe
668 861 802 920 arcens,
823 842 1093 925 proceribusque
1117 840 1244 904 blande
1267 841 1338 906 col·

387 942 538 1020 locutus,
561 949 699 1006 tantum
718 941 826 1006 Graia
843 941 1006 1005 facundia
1022 940 1146 1018 valuit,
1169 943 1209 1004 ut
1223 959 1246 1003 a
1265 941 1337 1004 sin-

389 1041 482 1123 gulis
505 1041 695 1105 hominium
725 1048 761 1105 et
785 1040 1039 1104 sacramentum
1063 1041 1221 1121 exigeret
1245 1039 1338 1122 quod

389 1140 442 1204 illi
456 1140 542 1204 nihil
559 1140 629 1204 doli
643 1136 944 1219 machinarentur;
968 1139 1061 1222 quod
1077 1140 1179 1202 urbes
1192 1139 1337 1220 imperio

391 1259 456 1304 suo
481 1240 703 1322 appendices,
720 1240 750 1304 si
771 1237 953 1321 adquirere
974 1246 1129 1320 possent,
1143 1238 1338 1316 redderent,

392 1339 572 1420 sanguinis
594 1340 649 1402 sui
673 1338 829 1421 periculo
850 1339 1001 1402 alienum
1026 1344 1221 1401 mercantes
1245 1356 1338 1401 com·

391 1438 544 1502 modum.
597 1437 670 1503 Soli
697 1437 897 1502 Raimundo
911 1437 987 1501 visa
1008 1443 1062 1500 est
1083 1436 1259 1519 antiquior
1280 1442 1347 1499 tua-

393 1536 492 1600 endae
504 1537 676 1601 libertatis
698 1537 825 1619 gratia,
842 1542 882 1599 ut
897 1555 961 1600 nec
975 1535 1043 1618 ipsi
1060 1555 1162 1599 suum
1183 1536 1339 1598 subster-

393 1643 490 1699 neret
511 1636 712 1713 hominium,
738 1654 802 1699 nec
829 1635 1050 1716 profiteretur
1073 1641 1336 1699 sacramentum.

394 1733 533 1817 Itaque,
556 1734 687 1799 coactis
709 1733 1026 1812 omnibus-viribus
1051 1734 1196 1798 Niceam
1218 1734 1339 1797 urbem

393 1833 558 1898 Bithiniae
585 1835 845 1916 aggrediuntur.
898 1833 1017 1915 Ipsam
1042 1827 1150 1896 ¹enim
1180 1832 1340 1916 primitus

392 1933 572 2015 placuerat
588 1933 718 2011 invadi,
734 1933 827 2015 quod
842 1939 877 1996 et
893 1933 1069 1997 viantibus
1092 1932 1288 2009 obsisteret,
1304 1939 1340 1996 et

391 2039 538 2096 mortem
553 2033 812 2114 peregrinorum
829 2051 938 2114 nuper
953 2033 1007 2098 ibi
1017 2032 1209 2097 occisorum
1226 2032 1339 2095 ultum

392 2131 443 2195 ire
468 2132 612 2196 animati
638 2138 774 2196 essent:
807 2150 956 2214 namque
980 2131 1160 2196 Walterus
1187 2131 1340 2212 quidam,

392 2230 492 2294 miles
509 2232 675 2313 probatus
699 2231 760 2294 sed
777 2249 944 2312 praecepS,
958 2229 1058 2315 (quia
1073 2231 1136 2295 rix
1152 2229 1341 2293 inhomine

392 2348 463 2395 uno
484 2330 691 2411 sapientiam
712 2338 748 2393 et
761 2329 943 2412 audaciam
965 2329 1233 2412 conspicaberis,
1248 2328 1340 2411 quod

392 2428 504 2492 altera
517 2436 682 2506 moretur,
693 2429 804 2492 altera
818 2426 1043 2512 praecipitet)
1055 2429 1341 2510 incircumspecte

392 2527 485 2590 circa
509 2527 638 2592 moenia
663 2528 848 2603 cursitans,
871 2547 949 2590 cum
974 2527 1085 2591 multa
1106 2547 1213 2591 manu
1237 2547 1340 2591 occu-

391 2625 524 2689 buerat.
577 2627 666 2689 Eam
680 2645 820 2690 manum
839 2626 966 2690 Petrus
986 2626 1153 2691 heremita
1170 2627 1338 2710 praedica·

392 2724 544 2788 tionibus
559 2723 631 2789 suis
648 2725 692 2788 de
708 2726 824 2808 patria
839 2724 1044 2809 pellexerat.
1349 2718 1352 2726 ’

630 2915 677 2962 DE
700 2915 866 2964 ROBERTO
889 2916 1107 2965 NORMANNO.

230 3039 353 3080 nonna
444 3019 553 3102 5350.
576 3019 659 3084 Jam
680 3041 763 3086 vero
789 3042 906 3087 mense
932 3023 1137 3106 Septembri,
1163 3023 1340 3090 Robertns

394 3117 674 3184 Normannorum
697 3141 825 3199 comes,
839 3122 948 3186 frater
961 3123 1129 3188 Willelmi
1152 3125 1256 3206 regis,
1279 3144 1339 3188 cu-

387 3217 448 3299 jus
463 3217 604 3282 titulum
618 3219 674 3282 hic
690 3220 778 3284 liber
794 3228 921 3302 gestat,
937 3223 1003 3286 iter
1015 3222 1100 3285 illud
1115 3223 1244 3287 adoriri
1259 3243 1339 3304 ges·

392 3315 494 3395 tiens,
511 3317 633 3382 habuit
647 3319 760 3383 socios
777 3319 970 3385 Robertum
983 3319 1244 3399 Flandrensem,
1261 3322 1352 3386 ste-¹

391 3414 545 3496 phanum
579 3416 779 3482 Blesensem
817 3419 946 3482 sororis
984 3415 1158 3484 maritum.
1210 3420 1340 3485 Omnes

392 3513 517 3596 amplae
546 3516 717 3597 prosapiae
740 3517 896 3594 comites,
918 3516 954 3580 in
978 3518 1103 3599 quibus
1117 3519 1229 3583 virtus
1251 3521 1339 3584 citra

392 3631 502 3692 genus
525 3633 594 3678 non
622 3621 709 3678 erat.
762 3615 940 3680 Parabant
965 3617 1015 3680 eis
1036 3615 1156 3698 Angli,
1179 3624 1215 3682 et
1243 3618 1337 3682 Nor·

391 3712 520 3788 manni,
544 3718 580 3775 et
597 3712 839 3777 Occidentales
860 3714 1001 3791 Franci,
1023 3722 1059 3778 et
1083 3716 1285 3794 Flandritae,
1303 3725 1339 3782 et

391 3811 542 3874 omnium
558 3812 765 3893 populorum
780 3814 881 3877 cunei
898 3814 958 3895 qui
979 3815 1024 3877 ab
1048 3833 1178 3878 oceano
1197 3817 1339 3879 Britan·

344 3960 349 3967 .
389 3909 468 3973 nico
485 3929 596 3992 usque
613 3909 657 3972 ad
674 3909 784 3992 Alpes
801 3913 1053 3976 mediterraneo
1065 3920 1185 4005 ¹tractu
1204 3914 1337 3996 jacent.

390 4005 449 4072 Ita
464 4008 558 4072 viam
575 4009 721 4089 profecti
735 4003 957 4092 ²receperunt
970 4011 1063 4093 apud
1082 4011 1196 4076 Lucas
1210 4033 1338 4096 papam

422 4225 535 4293 Qum]
547 4229 581 4280 Α,
594 4231 622 4280 ις’,
634 4231 664 4281 ο,
674 4232 708 4282 D,
717 4233 748 4283 L.
758 4249 765 4293 3
776 4233 849 4282 omit,
909 4189 1105 4289 ²disruperunt]
1119 4207 1164 4268 E.;
1173 4210 1340 4273 reperierunt,

384 4297 532 4347 tearum.
874 4277 1340 4397 342:qurer1untS-strrerrererunt,
