3148 4982
231 470 302 518 nra.
321 456 392 536 un]
468 473 582 522 cusrn
608 476 735 525 arcun
758 478 973 529 ancnoaun.
1125 471 1191 534 453

235 633 355 714 repsit,
372 641 411 698 ut
429 635 522 717 quod
546 635 699 700 febribus
723 644 799 702 erat
813 638 990 722 'reliquum
1012 639 1090 723 ipsa
1112 661 1187 705 cor-

232 733 371 816 riperet.

286 832 404 916 §27³
430 834 565 898 Praeter
589 843 734 900 caeteras
759 837 920 914 virtutes
948 839 1122 921 praecipue
1148 841 1342 922 increatam
1374 829 1376 834 ¹

235 932 346 1013 prima
370 933 605 999 adolescentia
629 937 826 1001 castitatem
853 938 1023 1020 suspexit,
1044 939 1080 1001 in
1107 910 1331 1002 tan-fflii'f'¹⁶'

233 1038 308 1094 tum
334 1040 374 1096 ut
398 1034 535 1116 publice
556 1043 729 1100 sereretur
753 1035 839 1099 nihil
859 1036 958 1099 illum
978 1038 1015 1100 in
1040 1036 1183 1104 foemina

232 1150 354 1212 posse;
378 1141 617 1213 veruntamen,
635 1155 680 1198 ex
705 1155 886 1218 procerum
912 1137 1085 1200 sententia
1107 1157 1181 1201 ma-

233 1231 394 1296 trimonio
412 1233 582 1312 addictus,
600 1235 650 1298 ita
674 1254 711 1299 se
738 1237 810 1318 egit
834 1242 873 1298 ut
900 1236 1056 1318 pluribus
1079 1239 1180 1302 annis

233 1330 360 1394 nullius
386 1334 503 1415 probri
538 1335 734 1417 suspicione
763 1342 954 1400 notaretur.
1014 1335 1114 1400 Tulit
1135 1357 1180 1402 ex

233 1427 380 1495 Matilde
396 1432 523 1497 liberos
541 1435 682 1512 multos,
700 1454 791 1518 quae,
809 1441 844 1498 et
860 1435 986 1500 marito
1006 1437 1179 1519 morigera

230 1536 265 1593 et
294 1531 392 1612 prole
425 1532 600 1611 foecunda,
632 1535 758 1598 nobilis
783 1535 849 1598 viri
878 1536 1030 1600 animum
1058 1536 1092 1600 in
1123 1539 1178 1601 sui

229 1631 356 1693 amoris
372 1632 542 1697 incitabat
557 1634 734 1697 aculeum:
759 1653 958 1717 quanquam
976 1655 1045 1700 non
1063 1636 1178 1701 desint

227 1729 286 1810 qui
304 1731 473 1811 ganniant
489 1753 567 1797 eum
592 1733 772 1798 coelibatui
788 1734 933 1816 antiquo
956 1737 1177 1800 renunciasse

227 1847 304 1891 cum
330 1831 428 1911 regia
451 1840 608 1915 potestas
634 1833 854 1910 accrevisset,
879 1834 1075 1898 volutatum
1098 1855 1176 1899 cum

227 1927 406 2011 cujusdam
439 1932 633 2015 presbyteri
659 1933 742 2010 filia,
770 1952 875 2015 quam
901 1953 963 2015 per
990 1934 1176 1999 satellitem

227 2029 362 2093 succiso
386 2031 517 2113 poplite
545 2032 703 2096 Matildis
730 2033 930 2112 sustulerit;
963 2041 1177 2116 quapropter

225 2125 322 2190 illurn
340 2129 611 2209 exhaeredatum,
632 2133 729 2196 illam
747 2132 791 2196 ad
807 2138 953 2196 mortem
968 2131 1078 2196 fraeno
1095 2135 1176 2216 equi

225 2245 362 2292 caesam.
415 2222 501 2294 ¹Sed
518 2231 592 2295 haec
609 2231 651 2295 de
669 2239 769 2296 tanto
786 2251 869 2313 rege
880 2231 1019 2295 credere
1035 2232 1174 2297 demen-

225 2325 283 2389 tiae
314 2328 471 2409 ascrib03
511 2331 576 2395 hoc
604 2338 805 2397 constanter
834 2349 1050 2409 asseverans,
1080 2333 1174 2413 quod

227 2425 443 2508 aliquantula
468 2430 625 2495 simultas
652 2432 743 2495 inter
774 2450 833 2495 eos
861 2431 982 2495 innata
1007 2434 1172 2498 extremis

226 2527 327 2589 annis
349 2527 454 2593 suerit
476 2551 539 2612 pro
565 2531 721 2624 lioberto
752 2531 835 2608 filio,
861 2532 917 2595 cui
944 2539 1056 2596 mater
1081 2533 1171 2596 mili·

225 2630 335 2690 tarem
360 2646 500 2693 manum
522 2650 566 2694 ex
589 2631 663 2694 fisci
684 2631 875 2695 redditibus
901 2630 1057 2696 sufficere
1081 2631 1170 2696 dice-

222 2723 345 2790 batur:
368 2747 487 2791 verum
504 2737 645 2813 propter
659 2731 725 2795 hoc
736 2731 822 2795 nihil
838 2731 1034 2816 conjugalis
1046 2731 1171 2813 gratiae

224 2823 430 2890 diminutum
443 2829 519 2912 ipse
536 2830 698 2908 ostendit,
715 2830 797 2893 dum
812 2837 962 2914 quatuor
975 2832 1075 2895 annis
1089 2838 1170 2896 ante
1183 2849 1237 2889 Δ-υ.
1248 2851 1304 2889 ¹⁰⁸³·

224 2943 262 2987 se
285 2925 496 3005 defunctam,
523 2936 558 2993 ct
585 2930 934 3012 magnificentissimis
954 2931 1087 2995 inferiis
1109 2951 1170 2995 ex-

201 3041 204 3046 ’
223 3024 316 3102 tulit,
332 3033 378 3104 et,
396 3027 583 3111 lachrymis
600 3050 662 3112 per
676 3031 805 3094 multos
829 3030 902 3094 dies
923 3031 1071 3095 ubertim
1088 3049 1169 3112 pro-

222 3132 374 3203 secutae,
389 3128 525 3192 amissae
542 3128 747 3194 charitatem
761 3130 1019 3206 desideraverit,
1035 3131 1119 3211 quin
1134 3138 1169 3193 et

221 3241 266 3285 ex
293 3243 334 3288 eo
359 3233 527 3310 tempore,
551 3229 581 3291 si
604 3230 787 3306 credimus
813 3230 857 3292 ab
882 3229 975 3292 omni
989 3228 1169 3310 voluptate

222 3320 378 3388 descivit.
429 3320 594 3410 ²Sepulta
619 3337 672 3394 est
700 3329 822 3410 regina
846 3326 1009 3392 Cadomis
1036 3327 1072 3390 in
1096 3348 1170 3392 mo-
1264 3403 1266 3408 ,

258 3498 265 3528 ¹
283 3502 333 3551 Sed
344 3503 394 3553 hoec
413 3505 577 3569 ...meribo.]
596 3507 682 3555 ‘Stul-
706 3505 881 3568 cadomensis,
891 3505 986 3554 ibidem
997 3505 1112 3555 ediditin
1124 3503 1168 3557 8⁰!

220 3574 274 3619 tum
284 3573 364 3633 igitur
381 3589 411 3623 nc
429 3575 529 3624 omniuo
539 3575 681 3625 fabulosum
704 3576 785 3643 (Note
796 3578 823 3625 in
834 3577 918 3636 Bouq.
929 3589 966 3626 xr.
978 3592 1003 3639 p.
1017 3574 1086 3641 188.)

221 3640 269 3689 hac
286 3643 312 3690 in
327 3647 400 3704 parte
417 3649 456 3694 est
467 3644 600 3695 chronicon
616 3647 682 3695 Nor·

222 3713 340 3775 manniae,
351 3713 413 3762 dum
430 3714 458 3762 id
475 3717 579 3764 monstri
589 3714 647 3778 tert,
657 3722 682 3764 et
741 3713 751 3743 ²
769 3716 872 3779 Sepultu
893 3719 929 3764 eat
950 3714 1038 3778 regina
1055 3717 1169 3765 emona

220 3778 285 3828 illud
307 3783 391 3843 ipsum
418 3787 506 3832 contra
533 3786 682 3846 scriptorum
706 3785 887 3834 iamoausterio
903 3789 994 3835 sancta
1010 3781 1165 3852 Trinitatis]

222 3851 359 3912 aequalium
381 3855 554 3903 auctoritatem
582 3855 684 3905 exhibet
707 3856 817 3904 Matilda
841 3855 902 3904 died
929 3855 979 3903 ind
1002 3856 1069 3904 Nor.
1094 3858 1166 3905 1⁰8⁸.

220 3923 340 3982 tanquam
369 3923 526 3972 occasionem
555 3930 683 3974 construc-
706 3925 756 3974 She
775 3923 934 3986 bequeathed
953 3929 979 3972 to
996 3924 1048 3972 this
1069 3925 1168 3973 monas-

222 3988 297 4040 tionis
323 3992 433 4042 duarum
456 3993 561 4042 Cadomi
588 3996 684 4044 abbati-
706 3995 818 4057 teryher
836 3997 1049 4055 crowmsceptre,
1063 3993 1113 4041 and
1129 4007 1169 4042 or·

223 4072 303 4110 arum.
327 4062 395 4111 Vide
417 4063 570 4126 Apologiam
586 4064 684 4114 Willel·
707 4071 821 4114 nements
831 4062 860 4112 of
868 4067 941 4112 state.
977 4063 1001 4110 Α
1014 4076 1079 4124 copy
1087 4061 1116 4110 ol
1123 4064 1169 4112 her

223 4130 267 4190 mi,
285 4145 362 4192 quam
380 4132 498 4182 dominus
514 4137 598 4183 noster
617 4135 685 4184 Mat·
707 4134 762 4183 will
778 4148 837 4195 may
848 4133 879 4181 he
899 4146 959 4182 seen
976 4132 1003 4180 in
1020 4132 1063 4180 the
1081 4133 1169 4182 Esseis

222 4198 305 4249 thaeus
324 4201 357 4250 de
368 4203 394 4251 la
405 4201 507 4264 Dangie
518 4204 550 4253 de
561 4203 685 4268 Rauchie,
709 4205 881 4264 Historiques,
898 4203 932 4263 hy
949 4201 990 4250 the
1002 4200 1077 4250 Abbi
1094 4202 1125 4250 de
1144 4203 1170 4251 la

221 4270 367 4323 cellerarius
386 4273 496 4323 abbatiae
518 4273 545 4323 S.
563 4274 685 4337 Stephani
708 4275 775 4336 Rue,
785 4277 845 4322 tom.
861 4285 889 4322 u.
908 4287 934 4334 p.
946 4275 1004 4322 437.

957 4345 1019 4411 211
