3140 4974
229 671 325 712 Baldvln

230 723 283 772 king
291 723 381 762 ollaru-

230 773 303 812 ulem

390 479 457 544 584
605 496 717 546 unsri
744 495 870 544 annun
895 495 1109 546 anctorum.
1190 483 1344 564 [ntarv.

394 647 698 738 ¹praetereuntibus
714 653 821 730 misit,
834 673 899 735 pro
912 653 1042 716 virtute
1057 646 1151 716 ²tam
1165 655 1268 735 pauci
1283 673 1344 717 ex-

394 756 522 819 ercitus
548 753 776 836 stupefactus.
830 752 928 816 Idem
952 759 989 816 et
1007 753 1118 835 Tyrii,
1141 759 1176 816 et
1198 753 1343 828 Sidonii,

395 861 431 919 ct
447 851 672 917 Acharonitae
687 854 748 935 qui
772 861 806 916 et
823 852 1080 929 Ptholomaitae‚
1095 852 1218 929 fecere,
1234 853 1343 916 tacito

393 960 488 1017 metu
502 953 713 1016 Francorum
727 951 963 1016 fortitudinem
976 951 1214 1034 suspicientes
1267 951 1344 1015 Nec

394 1053 509 1116 minus
532 1052 688 1116 homines
710 1051 894 1128 Tancredi,
911 1051 971 1133 qui
996 1051 1033 1114 in
1051 1051 1209 1132 chaipha
1232 1058 1343 1128 erant,

394 1152 554 1216 liberales
568 1151 676 1228 fuere,
691 1152 850 1232 quamvis
864 1151 939 1233 ipse
952 1151 1078 1214 absens
1101 1157 1203 1214 esset.
1255 1149 1342 1213 Cas-

396 1252 441 1315 tri
465 1251 559 1314 illius
583 1270 708 1314 nomen
727 1251 906 1332 antiquum
919 1251 1076 1332 ‘reperire
1099 1269 1245 1331 nequeo,
1262 1250 1344 1332 quia

397 1369 516 1414 omnes
539 1350 798 1414 mediterraneae
825 1349 998 1426 civitates,
1013 1343 1109 1432 ³quae
1129 1350 1166 1412 iu
1187 1348 1343 1431 Josepho

397 1449 561 1530 leguntur
590 1450 764 1531 quondam
792 1449 910 1526 fuisse,
933 1448 1041 1512 ‘modo
1067 1449 1123 1513 vel
1154 1468 1223 1512 non
1250 1456 1343 1524 sunt,

397 1549 466 1624 rel,
480 1549 516 1611 in
529 1547 661 1612 viculos
676 1555 833 1625 mutatae,
848 1548 988 1612 nomina
1004 1548 1245 1631 perdiderunt:
1269 1569 1342 1611 ma-

398 1649 523 1711 ritimae
540 1648 685 1728 integrae
701 1655 854 1712 manent.
908 1647 966 1711 Ita
986 1667 1048 1729 per
1066 1648 1261 1711 Caesaream
1276 1647 1344 1710 Pa·

398 1747 531 1810 lestines
549 1755 584 1810 et
599 1745 748 1811 Azotum
763 1749 799 1809 in
815 1746 839 1810 J
841 1767 966 1830 oppem
979 1754 1134 1824 ventum,
1151 1748 1211 1811 ubi
1232 1747 1343 1829 prima

397 1846 449 1910 illi
472 1847 779 1928 gratulatioregni
804 1847 881 1923 fuit,
904 1847 1036 1911 civibus
1060 1847 1194 1929 ingenti
1216 1846 1342 1929 gaudio

321 2003 324 2009 Δ
396 1954 517 2028 portas
533 1947 778 2028 aperientibus.

450 2045 554 2129 5377.
570 2045 684 2126 Igitur
698 2065 720 2108 a
730 2045 753 2108 J
756 2045 884 2128 oppitis
902 2044 1151 2128 lerosolymam
1166 2046 1333 2109 deductus

298 2183 304 2195 ·
361 2125 370 2134 ’
398 2154 434 2209 at
458 2146 506 2209 ibi
527 2145 763 2209 favorabiliter
783 2151 962 2227 exceptus,
980 2143 1112 2208 dierum
1126 2139 1208 2209 4sex
1231 2147 1344 2228 spatio

398 2245 507 2327 quieti
532 2244 711 2308 satisfecit.
765 2244 864 2321 Inde,
893 2263 936 2306 ne
952 2244 1058 2307 Turni
1079 2245 1276 2309 dubitarent
1290 2247 1343 2308 in—

397 2345 512 2408 dolem
528 2346 626 2426 regni
641 2345 717 2427 ejus
734 2363 860 2425 magno
882 2362 1000 2407 eornm
1021 2345 1113 2408 malo
1137 2345 1344 2422 adolescere,

398 2462 520 2507 versus
547 2441 754 2507 Ascalonem
788 2443 1042 2525 expeditionem
1067 2445 1187 2508 movit.
1240 2443 1344 2508 Cum-

400 2563 468 2624 que
499 2560 569 2604 non
596 2542 700 2624 longe
730 2544 774 2607 ab
800 2544 884 2606 urbe
908 2543 999 2606 vires
1029 2561 1110 2606 suas
1140 2551 1343 2621 ostentaret,

399 2641 606 2723 impetentes
622 2639 844 2705 Ascalonitas
861 2641 954 2704 facili
981 2661 1086 2723 opera
1106 2641 1259 2725 depulit;
1282 2663 1344 2725 op·

400 2748 586 2822 portunum
607 2748 747 2823 tempus
766 2741 808 2804 ad
833 2741 866 2803 id
890 2739 983 2822 quod
1007 2748 1122 2804 mente
1145 2743 1346 2806 intendebat

306 2877 309 2882 ,
398 2839 569 2921 operiens.
622 2839 783 2922 Denique
809 2840 1040 2922 repulsionem
1065 2841 1202 2904 illorum
1224 2842 1344 2922 gloriae

398 2958 473 3001 suae
488 2946 571 3001 tunc
588 2937 742 3003 sufficere
765 2941 966 3015 arbitratus,
982 2940 1017 3001 in
1040 2947 1206 3003 montana
1226 2945 1344 3022 recep-

398 3039 451 3102 tui
473 3038 609 3114 cecinit,
626 3045 666 3102 ut
687 3038 804 3102 hostes
827 3045 1108 3121 persequeretur;
1131 3059 1195 3102 nee
1217 3060 1286 3103 non
1309 3049 1344 3104 et

398 3137 614 3202 inimicorum
629 3137 755 3201 damno
775 3139 970 3202 necessaria
986 3137 1057 3201 suis
1074 3139 1343 3220 conquisiturus

397 3238 459 3320 qui
485 3257 549 3320 pro
573 3238 720 3320 penuria
745 3244 847 3301 terrae
870 3237 960 3300 farne
986 3237 1247 3320 singultiebant,
1262 3240 1344 3322 quia

397 3337 459 3400 illo
487 3357 578 3400 anno
601 3338 722 3400 messis
749 3355 843 3417 aegra
866 3337 996 3400 victum
1019 3345 1221 3416 negaverat,
1247 3357 1344 3420 spem

398 3437 586 3517 provinciae
629 3436 738 3500 sterili
768 3441 939 3517 proventu
972 3434 1155 3518 decipiens.
1218 3436 1345 3518 Itaque

398 3542 564 3597 montana
583 3535 796 3612 conscendit,
810 3555 879 3616 quo
903 3534 1115 3598 habitatores
1135 3543 1236 3600 terrae
1253 3536 1344 3600 Tur-

398 3633 430 3696 ci
464 3633 592 3697 relictis
618 3635 711 3698 villis
744 3641 998 3711 concesserant,
1025 3634 1131 3718 Syros
1164 3655 1280 3698 secum
1307 3637 1343 3698 in

396 3732 536 3814 penitus
559 3733 695 3798 abditos
723 3753 846 3816 specus
872 3735 1135 3814 immergentes:
1160 3735 1221 3800 sed
1247 3737 1345 3799 inve-

432 3994 680 4062 ¹Proetereantibus.]
691 3999 767 4048 AD.
773 4000 805 4050 E.
812 4000 859 4061 L.;
919 3997 930 4030 ⁸
943 4000 1005 4055 Qua
1053 4001 1168 4062 legantur
1178 4005 1347 4064 quoadumsu-

396 4068 664 4129 ¹³³²³⁰¹¹l¹¹³¹¹⁵’⁸·⁰·
882 4069 1346 4192 alut·tanla‘¹r⁵···

431 4203 442 4234 ²
454 4206 513 4254 Tum
521 4206 615 4270 pauci]
634 4207 668 4255 D.
680 4207 712 4256 E.
724 4206 756 4256 L.
766 4224 773 4268 3
785 4210 858 4269 tanti,
908 4155 928 4234 8⁴
939 4154 1019 4272 Sea}
1031 4207 1065 4258 A.
1079 4211 1109 4258 C.
1125 4210 1154 4258 E.
1172 4211 1202 4260 L.
1214 4176 1231 4271 3,
1240 4178 1346 4283 septem,

394 4275 426 4324 S.
440 4275 488 4335 C.;
504 4281 554 4338 tam
567 4277 648 4337 parvi,
659 4275 692 4324 A.
803 4279 806 4285 “
884 4277 912 4326 S.
928 4277 960 4326 D.
