3152 4970
228 486 373 568 ms.11.]
518 504 691 554 ursuonm
715 505 892 554 novrum⁶
1115 491 1181 557 719

228 660 423 741 sumptibus
446 667 482 724 et
503 657 700 744 inquorum
722 662 1049 725 terrisconstructa
1068 668 1180 739 erant,

229 758 427 837 reddiderit,
442 757 502 824 sed
518 759 628 838 laicis,
645 760 840 844 eisdemque
856 778 980 844 parum
995 760 1179 843 religiosis,

229 858 499 925 contradiderit!
552 859 628 924 Ista
651 860 706 926 vir
728 859 787 925 ille
812 867 885 924 tum
908 859 1083 943 privatim,
1105 866 1179 924 tum
1275 868 1281 876 ‘

230 959 334 1024 etiam
349 958 485 1041 publice
505 979 622 1024 coram
639 979 730 1042 rege
754 958 940 1039 affirmans,
950 958 1180 1044 ejusdemque

230 1077 334 1124 aures
346 1058 389 1124 de
403 1058 609 1124 liberatione
622 1065 658 1122 et
670 1058 889 1124 restitutione
901 1058 1103 1141 pontificum
1117 1077 1180 1142 ap·

231 1157 376 1240 pellens,
394 1177 528 1224 omnem
546 1158 761 1241 consumpsit
783 1177 934 1242 operam,
951 1157 989 1223 in
1003 1157 1100 1222 nullo
1117 1177 1180 1224 au·

231 1257 344 1322 ditus:
376 1264 600 1341 quapropter,
621 1258 776 1340 rigorem
801 1277 973 1322 canonum
996 1257 1179 1340 experien-

232 1356 314 1420 dum
338 1364 449 1433 ratus,
470 1357 627 1432 concilio,
642 1357 734 1440 quod
757 1365 883 1440 quarto
903 1355 1071 1420 kalendas
1094 1355 1179 1439 Sep-
1193 1382 1291 1433 lupo.

232 1456 374 1521 tembris
391 1456 625 1520 celebraturus
648 1463 724 1520 erat
737 1454 939 1534 Wintoniae,
958 1454 1106 1528 'fratrem
1128 1457 1181 1519 in·

231 1561 434 1620 cunctanter
451 1555 572 1619 adesse
586 1555 762 1638 proecepit.
1047 1559 1050 1564 '

232 1744 280 1791 DE
296 1743 462 1791 coNcluo
485 1744 620 1791 Hammo
639 1744 708 1791 PRO
725 1743 904 1792 curatoria
920 1742 1182 1795 EPISGOPORUM.

286 1851 380 1936 §22
404 1852 509 1936 Dicto
536 1851 591 1917 die
619 1872 737 1918 omnes
760 1848 833 1917 iere
856 1851 1009 1936 episcopi
1030 1851 1183 1935 Angliae,
1196 1875 1314 1916 commu

235 1971 313 2018 cnm
330 1951 525 2018 Thetbaldo
539 1951 798 2037 archiepiscopo
817 1951 1016 2016 Cantuarice
1026 1953 1184 2036 quiWil-
1197 1926 1336 1967 w¹⁰⁰h‘'²⁰''

235 2051 338 2117 lelmo
356 2059 582 2130 successerat,
596 2059 766 2117 venerunt
778 2051 1007 2132 Wiutoniam.
1059 2050 1184 2116 Archi-

236 2151 417 2234 episcopus
443 2151 672 2216 Eboracensis
695 2149 882 2216 'furstinus
905 2169 970 2236 pro
985 2151 1185 2216 valetudine

236 2269 308 2335 qua
330 2251 563 2332 gravabatur„
578 2251 640 2316 vix
665 2251 757 2315 enim
782 2249 888 2315 animi
903 2250 1035 2315 viribus
1059 2270 1185 2334 corpus

238 2351 392 2432 regebat
408 2351 525 2416 caeteri
538 2369 621 2415 vero
636 2370 700 2434 pro
713 2369 851 2434 guerra,
868 2349 976 2414 literis
992 2351 1185 2414 absentiam

234 2468 333 2514 suam
348 2458 570 2520 excusarunt.
623 2449 767 2515 Lectum
791 2457 846 2514 est
861 2449 973 2536 primo
987 2449 1024 2513 in
1037 2449 1183 2514 concilio

235 2548 411 2614 decretum
424 2547 632 2615 innocentii
654 2569 769 2633 papae,
792 2569 862 2632 quo
878 2548 955 2633 jam
978 2567 1000 2612 a
1026 2547 1184 2614 kalendis

238 2647 361 2715 Martii
373 2647 426 2733 (si
445 2649 541 2714 bene.
550 2645 786 2733 commemini)
802 2655 920 2732 partes
942 2647 1185 2714 sollicitudinis

237 2766 311 2812 suae
332 2748 423 2816 idem
445 2749 657 2832 apostolicus
670 2749 810 2813 domino
830 2747 993 2832 episcopo
1009 2748 1186 2813 Wintoni-

237 2847 311 2912 ensi
325 2846 405 2931 jure
428 2847 618 2931 legationis
638 2849 674 2912 in
697 2847 830 2932 Anglia
849 2847 1059 2932 injunxerat.
1112 2848 1186 2912 Ex-

237 2953 375 3030 ceptum
393 2947 428 3013 id
443 2965 577 3012 summo
593 2947 724 3026 favore,
737 2947 842 3032 qnod,
856 2948 1083 3013 diuturnitate
1098 2954 1185 3013 tem-

236 3046 332 3128 poris
361 3048 624 3129 temperantiam
653 3065 752 3111 suam
780 3046 966 3110 ostendens
991 3047 1187 3128 episcopus,

237 3164 308 3208 non
323 3164 361 3208 se
376 3152 553 3229 praerupta
567 3146 720 3227 legatum
735 3144 991 3228 promulgasset
1001 3145 1186 3228 jactantia.

240 3243 417 3310 Processit
429 3243 590 3328 deinceps
603 3245 640 3308 in
658 3245 804 3311 concilio
820 3263 932 3308 sermo
948 3242 1103 3328 ejusdem
1117 3245 1187 3310 La-

238 3342 379 3420 tialiter,
394 3341 438 3407 ad
453 3343 610 3408 literatos
625 3343 777 3419 habitus,
791 3342 834 3408 de
850 3341 1088 3425 indignatione
1104 3363 1187 3428 cap·

226 3442 343 3528 *tionis
376 3443 638 3527 episcoporumz
676 3445 823 3524 quornm
861 3442 1119 3507 Salesbiricnsis
1151 3444 1187 3508 in

237 3560 375 3606 camera
398 3541 515 3620 curiae,
544 3542 816 3608 [lindocoliensis
838 3542 875 3606 in
901 3542 1092 3608 diversorio
1123 3562 1187 3609 suo

237 3640 421 3725 intercepti
431 3649 567 3722 essent3
587 3640 775 3719 Heliensis,
790 3642 988 3726 exemplum
1000 3643 1112 3707 simile
1128 3654 1195 3708 ve-'

237 3740 338 3818 ritus,
351 3741 462 3807 veloci
475 3741 636 3825 profugio
650 3741 694 3805 ad
712 3741 854 3807 Divisas
869 3761 907 3806 se
922 3741 1113 3807 calamitati
1126 3763 1187 3807 ex-

237 3841 390 3906 emisset.
441 3840 584 3906 ‘Scelus
598 3841 792 3906 miserabile
811 3861 928 3924 regem
942 3842 987 3905 ab
1001 3841 1187 3906 incentori-

237 3940 303 4004 bus
325 3940 376 4004 ita
396 3938 504 4006 fuisse
525 3941 717 4019 seductum,
729 3941 769 4008 ut'
783 3941 979 4005 hominibus
1001 3940 1087 4019 suis,
1099 3961 1188 4024 prae-

238 4039 357 4103 sertim
380 4039 563 4124 episcopis,
580 4042 617 4105 in
633 4041 739 4106 curiae
754 4060 828 4105 suae
842 4060 928 4123 pace
950 4059 1074 4104 manus
1091 4041 1188 4124 injici

233 4137 408 4222 jussisset.
459 4139 610 4224 Adjecta
631 4148 722 4205 esset
744 4140 841 4222 regio
858 4139 1016 4208 dedecori
1037 4139 1189 4204 coelestis

237 4238 377 4322 injuria,
402 4247 450 4318 ut,
471 4241 535 4304 sub
550 4242 695 4306 obtentu
718 4240 828 4324 culpae
852 4241 1065 4324 pontificum,
1080 4241 1186 4305 eccle·
