3148 4982
361 477 434 541 472
588 489 700 536 unsri
722 487 849 535 aucun
871 482 1086 533 ιιιιιιοιιυιι.
1160 465 1244 546 [ιιι.
1264 479 1316 526 ιιι.

364 649 617 712 Eboracensem
632 646 824 721 volutatur,
840 641 1044 707 describam.
1098 639 1153 702 De
1175 655 1246 718 qua
1268 655 1317 712 re,

365 755 405 811 ut
421 747 523 830 plane
546 745 662 809 norint
678 744 822 827 posteri,
840 740 1020 826 quidinde
1042 737 1178 820 antiqui
1199 743 1317 819 patres

366 846 535 910 senserint
550 863 735 929 apponam.

368 1087 466 1145 QUOD
484 1082 603 1131 OMNES
619 1081 777 1129 urlscorl
802 1077 930 1125 TOTlUS
954 1073 1168 1122 BRITANNIAE
1184 1072 1318 1120 ARCHI-

476 1183 642 1230 Erlscoro
664 1177 908 1227 DOROBERNIAE
931 1172 1209 1222 SUBJIGIANTUR.

452 1286 626 1373 Gregorius
644 1308 732 1371 papo
746 1281 923 1364 Augustino
941 1280 1043 1366 primo
1067 1280 1243 1364 Aagloram

614 1383 841 1467 archiepiscopo
857 1381 1069 1444 Dorobernia.

423 1509 533 1592 §295.
556 1506 656 1570 ‘Tua
670 1505 869 1569 fraternitas
886 1524 956 1567 non
972 1503 1085 1568 solum
1107 1520 1167 1565 eos
1189 1500 1322 1582 episco-

373 1627 437 1692 pos
454 1626 541 1689 quos
563 1605 785 1681 ordinaverit,
803 1623 916 1686 neque
931 1602 994 1665 hos
1007 1598 1246 1665 tantummodo
1264 1597 1324 1679 qui

373 1727 437 1790 per
447 1701 456 1738 ¹
466 1706 719 1769 Eboracensem
730 1703 929 1785 episcopum
944 1700 1073 1763 fuerint
1088 1697 1250 1773 ordinati,
1265 1696 1326 1759 sed

375 1807 480 1869 etiam
506 1823 624 1867 omnes
645 1801 838 1867 Britanniae
854 1799 1063 1874 sacerdotes,
1086 1797 1226 1872 habeat,
1248 1795 1325 1858 Deo

376 1905 528 1972 Domino
543 1909 663 1966 nostro
677 1901 701 1966 J
705 1920 765 1964 esu
784 1899 923 1964 Christo
940 1904 1093 1974 auctore,
1111 1893 1310 1979 subjectos!

470 2097 658 2185 Bonisacias
672 2099 765 2162 lusto
779 2096 1007 2181 archiepiscopo
1022 2093 1233 2159 Dorobernia.

430 2219 448 2303 ᾖ
474 2219 552 2283 296.
575 2218 701 2283 ‘Absit
726 2220 770 2283 ab
800 2219 894 2283 omni
914 2219 1112 2283 Christiano
1136 2226 1177 2283 ut
1198 2239 1243 2282 ex
1267 2218 1327 2282 illa

379 2319 521 2383 civitate
533 2319 751 2383 Dorobernia
765 2318 896 2399 aliquid
908 2319 1094 2395 minuatur,
1110 2319 1220 2381 autin
1235 2317 1329 2381 aliud

381 2425 544 2494 mutetur,
571 2437 663 2480 nunc
694 2417 751 2481 vel
783 2417 909 2481 futuris
940 2418 1164 2499 temporibus
1197 2435 1276 2500 quae
1309 2435 1331 2478 a

382 2516 634 2598 praedecessore
653 2523 772 2579 nostro
794 2516 933 2580 domino
956 2535 1048 2599 papa
1064 2515 1235 2598 Gregorio
1258 2523 1330 2578 sta-

383 2622 461 2678 tuta
477 2622 570 2692 sunt,
585 2635 725 2698 quoquo
740 2615 843 2678 modo
858 2635 913 2678 res
928 2615 1088 2679 humanae
1104 2621 1331 2698 quassantur:

385 2714 445 2777 sed
461 2714 633 2794 magis'ex
649 2715 856 2778 auctoritate
869 2715 964 2777 beati
982 2713 1079 2778 Petri
1097 2714 1332 2796 apostolorum

384 2812 551 2895 principis
572 2812 608 2875 id
627 2814 741 2894 ipsum
761 2813 1001 2895 praecipientes
1023 2813 1211 2889 firmamus,
1234 2820 1275 2875 ut
1296 2813 1332 2874 in

387 2911 604 2974 Dorobernia
629 2913 770 2976 civitate
794 2930 929 2994 semper
952 2913 1186 2993 inposterum
1209 2919 1335 2974 metro-

387 3010 563 3091 politanus
588 3011 695 3074 totius
713 3011 904 3074 Britanniae
927 3010 1024 3074 locus
1048 3010 1237 3089 habeatur3
1261 3029 1334 3072 om-

388 3129 518 3191 nesque
551 3110 738 3190 provinciae
765 3111 864 3190 regni
895 3107 1101 3190 Anglorum,
1130 3116 1169 3173 ut
1199 3107 1336 3191 praelati

388 3209 456 3272 loci
471 3208 746 3290 metropolitanae
762 3208 917 3270 ecclesiae
931 3207 1172 3291 subjiciantur,
1184 3207 1335 3271 immuti-

390 3306 463 3370 lata
487 3313 522 3369 et
548 3314 716 3389 perpetua
739 3306 929 3370 stabilitate
955 3305 1180 3370 decernimus.
1232 3304 1336 3367 Hanc

390 3413 507 3468 autem
524 3404 717 3481 ecclesiam,
733 3412 856 3487 utpote
881 3404 1077 3486 specialiter
1093 3405 1337 3468 consistentem

391 3503 456 3566 sub
484 3510 657 3585 potestate
683 3511 718 3566 et
747 3503 893 3566 tuitione
921 3509 1051 3567 sanctae
1082 3503 1252 3567 Romanae
1284 3521 1339 3565 ec·

390 3602 517 3678 clesiae,
540 3602 570 3664 si
595 3603 674 3684 quis
699 3609 844 3665 conatus
866 3601 969 3665 fuerit
991 3602 1203 3677 imminuere,
1237 3601 1337 3681 eique

391 3701 434 3764 de
456 3719 628 3763 concessae
653 3701 837 3783 potestatis
856 3699 936 3783 jure
960 3700 1123 3782 quicquid
1146 3699 1339 3774 abstulerit,

391 3798 526 3863 auferat
541 3818 619 3862 eum
639 3799 735 3862 Deus
758 3799 801 3862 de
822 3798 910 3861 libro
927 3799 1021 3875 vitae,
1037 3800 1194 3882 sciatque
1215 3817 1252 3861 se
1275 3798 1339 3874 sub

391 3897 622 3962 anathematis
635 3897 783 3961 vinculis
798 3916 873 3960 esse
890 3897 1076 3960 nodatum’

515 4207 524 4238 ¹
536 4209 730 4272 libor-acerum]
747 4209 782 4260 A.
791 4209 820 4258 S.
832 4209 867 4258 D.
880 4210 912 4258 Ε.
923 4226 930 4270 ;
948 4210 1081 4271 Eboracae,
1094 4209 1124 4260 G.
1136 4208 1171 4258 D.
1183 4209 1215 4258 L.
