<?xml version="1.0" encoding="UTF-8"?>
<!DOCTYPE html PUBLIC "-//W3C//DTD XHTML 1.0 Transitional//EN"
    "http://www.w3.org/TR/xhtml1/DTD/xhtml1-transitional.dtd">
<html xmlns="http://www.w3.org/1999/xhtml" xml:lang="en" lang="en">
 <head>
  <title>
</title>
<meta http-equiv="Content-Type" content="text/html;charset=utf-8" />
  <meta name='ocr-system' content='tesseract 3.04.00' />
  <meta name='ocr-capabilities' content='ocr_page ocr_carea ocr_par ocr_line ocrx_word'/>
</head>
<body>
  <div class='ocr_page' id='page_1' title='image "./willelmimalmesb00hardgoog_0086.png"; bbox 0 0 3104 4974; ppageno 0'>
   <div class='ocr_carea' id='block_1_1' title="bbox 234 490 1291 580">
    <p class='ocr_par' dir='ltr' id='par_1_1' title="bbox 234 490 1291 580">
     <span class='ocr_line' id='line_1_1' title="bbox 234 490 1291 580; baseline -0.009 -6"><span class='ocrx_word' id='word_1_1' title='bbox 234 490 236 494; x_wconf 43' lang='grc'>’</span> <span class='ocrx_word' id='word_1_2' title='bbox 335 509 404 572; x_wconf 84' lang='grc'><strong>440</strong></span> <span class='ocrx_word' id='word_1_3' title='bbox 552 522 669 570; x_wconf 59' lang='grc' dir='ltr'><strong>ΜΕΤΑ</strong></span> <span class='ocrx_word' id='word_1_4' title='bbox 696 519 822 568; x_wconf 82' lang='lat' dir='ltr'><strong>annun</strong></span> <span class='ocrx_word' id='word_1_5' title='bbox 849 515 1061 566; x_wconf 70' lang='lat' dir='ltr'><strong>suenorum.</strong></span> <span class='ocrx_word' id='word_1_6' title='bbox 1131 496 1291 580; x_wconf 75' lang='lat' dir='ltr'><strong>[marn.</strong></span> 
     </span>
    </p>
   </div>
   <div class='ocr_carea' id='block_1_2' title="bbox 322 672 1380 3738">
    <p class='ocr_par' dir='ltr' id='par_1_2' title="bbox 322 672 1380 3738">
     <span class='ocr_line' id='line_1_2' title="bbox 339 672 1291 761; baseline -0.006 -19"><span class='ocrx_word' id='word_1_7' title='bbox 339 677 418 742; x_wconf 91' lang='lat' dir='ltr'><strong>chio</strong></span> <span class='ocrx_word' id='word_1_8' title='bbox 434 685 548 760; x_wconf 82' lang='lat' dir='ltr'><strong>capto,</strong></span> <span class='ocrx_word' id='word_1_9' title='bbox 565 697 669 761; x_wconf 88' lang='lat' dir='ltr'><strong>super</strong></span> <span class='ocrx_word' id='word_1_10' title='bbox 679 675 845 741; x_wconf 90' lang='lat' dir='ltr'><strong>Alexium</strong></span> <span class='ocrx_word' id='word_1_11' title='bbox 859 677 1102 758; x_wconf 74' lang='lat' dir='ltr'><strong>imperatorem</strong></span> <span class='ocrx_word' id='word_1_12' title='bbox 1118 672 1291 738; x_wconf 58' lang='lat' dir='ltr'><strong>Constanss</strong></span> 
     </span>
     <span class='ocr_line' id='line_1_3' title="bbox 342 775 1292 860; baseline -0.006 -18"><span class='ocrx_word' id='word_1_13' title='bbox 342 779 609 860; x_wconf 88' lang='lat' dir='ltr'><strong>tinopolitanum</strong></span> <span class='ocrx_word' id='word_1_14' title='bbox 652 778 797 841; x_wconf 88' lang='lat' dir='ltr'><strong>ulterius</strong></span> <span class='ocrx_word' id='word_1_15' title='bbox 838 775 1149 858; x_wconf 82' lang='lat' dir='ltr'>progrediebatur:</span> <span class='ocrx_word' id='word_1_16' title='bbox 1190 775 1292 838; x_wconf 84' lang='lat' dir='ltr'><strong>soevi-</strong></span> 
     </span>
     <span class='ocr_line' id='line_1_4' title="bbox 341 872 1380 960; baseline -0.004 -20"><span class='ocrx_word' id='word_1_17' title='bbox 341 883 457 960; x_wconf 87' lang='lat' dir='ltr'><strong>entem</strong></span> <span class='ocrx_word' id='word_1_18' title='bbox 481 877 623 942; x_wconf 74' lang='lat' dir='ltr'><strong>retinuit</strong></span> <span class='ocrx_word' id='word_1_19' title='bbox 654 876 802 940; x_wconf 84' lang='lat' dir='ltr'><strong>nuncius</strong></span> <span class='ocrx_word' id='word_1_20' title='bbox 833 873 1064 938; x_wconf 89' lang='lat' dir='ltr'><strong>Hildebrandi</strong></span> <span class='ocrx_word' id='word_1_21' title='bbox 1097 872 1292 954; x_wconf 89' lang='lat' dir='ltr'><strong>apostolici.</strong></span> <span class='ocrx_word' id='word_1_22' title='bbox 1379 881 1380 884; x_wconf 76' lang='grc'>’</span> 
     </span>
     <span class='ocr_line' id='line_1_5' title="bbox 345 967 1292 1058; baseline -0.001 -20"><span class='ocrx_word' id='word_1_23' title='bbox 345 976 541 1058; x_wconf 79' lang='lat' dir='ltr'><strong>Imperator</strong></span> <span class='ocrx_word' id='word_1_24' title='bbox 562 977 652 1040; x_wconf 91' lang='lat' dir='ltr'><strong>enim</strong></span> <span class='ocrx_word' id='word_1_25' title='bbox 672 974 946 1039; x_wconf 81' lang='lat' dir='ltr'><strong>Alamannorum</strong></span> <span class='ocrx_word' id='word_1_26' title='bbox 972 967 1177 1049; x_wconf 85' lang='lat' dir='ltr'><strong>¹Henricus,</strong></span> <span class='ocrx_word' id='word_1_27' title='bbox 1200 973 1292 1037; x_wconf 90' lang='lat' dir='ltr'><strong>filius</strong></span> 
     </span>
     <span class='ocr_line' id='line_1_6' title="bbox 345 1070 1292 1158; baseline -0.002 -20"><span class='ocrx_word' id='word_1_28' title='bbox 345 1075 491 1141; x_wconf 89' lang='lat' dir='ltr'><strong>Henriei</strong></span> <span class='ocrx_word' id='word_1_29' title='bbox 522 1070 585 1140; x_wconf 85' lang='lat' dir='ltr'><strong>²de</strong></span> <span class='ocrx_word' id='word_1_30' title='bbox 618 1095 687 1158; x_wconf 93' lang='lat' dir='ltr'><strong>quo</strong></span> <span class='ocrx_word' id='word_1_31' title='bbox 723 1093 830 1157; x_wconf 87' lang='lat' dir='ltr'><strong>supra</strong></span> <span class='ocrx_word' id='word_1_32' title='bbox 867 1073 1147 1149; x_wconf 63' lang='lat' dir='ltr'><strong>memoravimus</strong></span> <span class='ocrx_word' id='word_1_33' title='bbox 1180 1073 1292 1136; x_wconf 87' lang='lat' dir='ltr'><strong>iratus</strong></span> 
     </span>
     <span class='ocr_line' id='line_1_7' title="bbox 343 1172 1292 1259; baseline -0.003 -21"><span class='ocrx_word' id='word_1_34' title='bbox 343 1181 466 1239; x_wconf 89' lang='lat' dir='ltr'><strong>contra</strong></span> <span class='ocrx_word' id='word_1_35' title='bbox 489 1195 616 1258; x_wconf 87' lang='lat' dir='ltr'><strong>papam</strong></span> <span class='ocrx_word' id='word_1_36' title='bbox 633 1173 727 1259; x_wconf 93' lang='lat' dir='ltr'><strong>quod</strong></span> <span class='ocrx_word' id='word_1_37' title='bbox 750 1173 1143 1238; x_wconf 82' lang='lat' dir='ltr'><strong>excommunicationem</strong></span> <span class='ocrx_word' id='word_1_38' title='bbox 1158 1172 1194 1234; x_wconf 92' lang='lat' dir='ltr'><strong>in</strong></span> <span class='ocrx_word' id='word_1_39' title='bbox 1214 1192 1292 1237; x_wconf 91' lang='lat' dir='ltr'><strong>eum</strong></span> 
     </span>
     <span class='ocr_line' id='line_1_8' title="bbox 344 1271 1294 1356; baseline -0.001 -20"><span class='ocrx_word' id='word_1_40' title='bbox 344 1281 486 1356; x_wconf 90' lang='lat' dir='ltr'><strong>propter</strong></span> <span class='ocrx_word' id='word_1_41' title='bbox 511 1274 735 1339; x_wconf 82' lang='lat' dir='ltr'><strong>investituras</strong></span> <span class='ocrx_word' id='word_1_42' title='bbox 758 1273 979 1337; x_wconf 84' lang='lat' dir='ltr'><strong>ecelesiarum</strong></span> <span class='ocrx_word' id='word_1_43' title='bbox 1001 1271 1294 1354; x_wconf 83' lang='lat' dir='ltr'><strong>promulgaverat,</strong></span> 
     </span>
     <span class='ocr_line' id='line_1_9' title="bbox 345 1366 1295 1449; baseline -0.002 -13"><span class='ocrx_word' id='word_1_44' title='bbox 345 1393 424 1436; x_wconf 91' lang='lat' dir='ltr'><strong>cum</strong></span> <span class='ocrx_word' id='word_1_45' title='bbox 453 1375 609 1438; x_wconf 87' lang='lat' dir='ltr'><strong>exercitu</strong></span> <span class='ocrx_word' id='word_1_46' title='bbox 632 1374 786 1449; x_wconf 86' lang='lat' dir='ltr'><strong>veniens,</strong></span> <span class='ocrx_word' id='word_1_47' title='bbox 808 1366 820 1402; x_wconf 81' lang='lat'>³</span> <span class='ocrx_word' id='word_1_48' title='bbox 827 1372 975 1436; x_wconf 91' lang='lat' dir='ltr'><strong>Romam</strong></span> <span class='ocrx_word' id='word_1_49' title='bbox 1003 1370 1149 1446; x_wconf 89' lang='lat' dir='ltr'><strong>obsedit,</strong></span> <span class='ocrx_word' id='word_1_50' title='bbox 1170 1370 1295 1435; x_wconf 93' lang='lat' dir='ltr'><strong>Hilde-</strong></span> 
     </span>
     <span class='ocr_line' id='line_1_10' title="bbox 345 1470 1294 1557; baseline -0.004 -20"><span class='ocrx_word' id='word_1_51' title='bbox 345 1473 516 1537; x_wconf 90' lang='lat' dir='ltr'><strong>brandum</strong></span> <span class='ocrx_word' id='word_1_52' title='bbox 545 1472 692 1557; x_wconf 86' lang='lat' dir='ltr'><strong>expulit,</strong></span> <span class='ocrx_word' id='word_1_53' title='bbox 719 1472 926 1537; x_wconf 87' lang='lat' dir='ltr'><strong>Guibertum</strong></span> <span class='ocrx_word' id='word_1_54' title='bbox 954 1470 1219 1536; x_wconf 86' lang='lat' dir='ltr'><strong>Ravennantem</strong></span> <span class='ocrx_word' id='word_1_55' title='bbox 1242 1471 1294 1533; x_wconf 90' lang='lat' dir='ltr'><strong>in·</strong></span> 
     </span>
     <span class='ocr_line' id='line_1_11' title="bbox 345 1568 1294 1655; baseline -0.002 -21"><span class='ocrx_word' id='word_1_56' title='bbox 345 1571 512 1636; x_wconf 82' lang='lat' dir='ltr'><strong>troduxit.</strong></span> <span class='ocrx_word' id='word_1_57' title='bbox 566 1572 646 1651; x_wconf 86' lang='lat' dir='ltr'><strong>Quo</strong></span> <span class='ocrx_word' id='word_1_58' title='bbox 674 1592 736 1655; x_wconf 89' lang='lat' dir='ltr'><strong>per</strong></span> <span class='ocrx_word' id='word_1_59' title='bbox 764 1572 883 1635; x_wconf 86' lang='lat' dir='ltr'><strong>literas</strong></span> <span class='ocrx_word' id='word_1_60' title='bbox 912 1570 1051 1653; x_wconf 87' lang='lat' dir='ltr'><strong>expulsi</strong></span> <span class='ocrx_word' id='word_1_61' title='bbox 1079 1568 1294 1634; x_wconf 87' lang='lat' dir='ltr'><strong>Guiscardus</strong></span> 
     </span>
     <span class='ocr_line' id='line_1_12' title="bbox 344 1669 1295 1750; baseline 0 -16"><span class='ocrx_word' id='word_1_62' title='bbox 344 1671 479 1750; x_wconf 88' lang='lat' dir='ltr'><strong>audito,</strong></span> <span class='ocrx_word' id='word_1_63' title='bbox 501 1671 622 1736; x_wconf 90' lang='lat' dir='ltr'><strong>relicto</strong></span> <span class='ocrx_word' id='word_1_64' title='bbox 644 1671 716 1736; x_wconf 91' lang='lat' dir='ltr'><strong>filio</strong></span> <span class='ocrx_word' id='word_1_65' title='bbox 739 1669 944 1734; x_wconf 91' lang='lat' dir='ltr'><strong>Boamundo</strong></span> <span class='ocrx_word' id='word_1_66' title='bbox 968 1690 1046 1734; x_wconf 86' lang='lat' dir='ltr'><strong>eum</strong></span> <span class='ocrx_word' id='word_1_67' title='bbox 1068 1669 1234 1733; x_wconf 89' lang='lat' dir='ltr'><strong>militibus</strong></span> <span class='ocrx_word' id='word_1_68' title='bbox 1256 1676 1295 1734; x_wconf 90' lang='lat' dir='ltr'><strong>ut</strong></span> 
     </span>
     <span class='ocr_line' id='line_1_13' title="bbox 346 1764 1294 1854; baseline -0.001 -20"><span class='ocrx_word' id='word_1_69' title='bbox 346 1764 508 1835; x_wconf 91' lang='lat' dir='ltr'><strong>inchoata</strong></span> <span class='ocrx_word' id='word_1_70' title='bbox 525 1779 672 1854; x_wconf 89' lang='lat' dir='ltr'><strong>paterna</strong></span> <span class='ocrx_word' id='word_1_71' title='bbox 691 1777 966 1854; x_wconf 86' lang='lat' dir='ltr'><strong>persequeretur,</strong></span> <span class='ocrx_word' id='word_1_72' title='bbox 984 1768 1150 1851; x_wconf 87' lang='lat' dir='ltr'><strong>Apuliam</strong></span> <span class='ocrx_word' id='word_1_73' title='bbox 1172 1769 1294 1833; x_wconf 87' lang='lat' dir='ltr'><strong>rediit:</strong></span> 
     </span>
     <span class='ocr_line' id='line_1_14' title="bbox 345 1867 1296 1952; baseline 0 -20"><span class='ocrx_word' id='word_1_74' title='bbox 345 1877 527 1935; x_wconf 87' lang='lat' dir='ltr'><strong>eontracta</strong></span> <span class='ocrx_word' id='word_1_75' title='bbox 550 1871 715 1936; x_wconf 85' lang='lat' dir='ltr'><strong>velociter</strong></span> <span class='ocrx_word' id='word_1_76' title='bbox 737 1868 932 1952; x_wconf 87' lang='lat' dir='ltr'><strong>Apulorum</strong></span> <span class='ocrx_word' id='word_1_77' title='bbox 955 1874 990 1933; x_wconf 88' lang='lat' dir='ltr'><strong>et</strong></span> <span class='ocrx_word' id='word_1_78' title='bbox 1015 1867 1051 1932; x_wconf 93' lang='lat' dir='ltr'>N</span> <span class='ocrx_word' id='word_1_79' title='bbox 1053 1888 1296 1932; x_wconf 87' lang='lat' dir='ltr'><strong>ermannorum</strong></span> 
     </span>
     <span class='ocr_line' id='line_1_15' title="bbox 347 1967 1295 2048; baseline -0.001 -16"><span class='ocrx_word' id='word_1_80' title='bbox 347 1989 463 2048; x_wconf 88' lang='lat' dir='ltr'><strong>manu,</strong></span> <span class='ocrx_word' id='word_1_81' title='bbox 483 1970 631 2034; x_wconf 87' lang='lat' dir='ltr'><strong>Romam</strong></span> <span class='ocrx_word' id='word_1_82' title='bbox 648 1969 823 2033; x_wconf 88' lang='lat' dir='ltr'><strong>tendebat.</strong></span> <span class='ocrx_word' id='word_1_83' title='bbox 862 1967 898 2032; x_wconf 93' lang='lat' dir='ltr'>N</span> <span class='ocrx_word' id='word_1_84' title='bbox 901 1988 939 2032; x_wconf 88' lang='lat' dir='ltr'><strong>ec</strong></span> <span class='ocrx_word' id='word_1_85' title='bbox 954 1968 1121 2032; x_wconf 86' lang='lat' dir='ltr'><strong>sustinuit</strong></span> <span class='ocrx_word' id='word_1_86' title='bbox 1134 1969 1295 2032; x_wconf 83' lang='lat' dir='ltr'><strong>nuncium</strong></span> 
     </span>
     <span class='ocr_line' id='line_1_16' title="bbox 347 2066 1297 2150; baseline -0.002 -18"><span class='ocrx_word' id='word_1_87' title='bbox 347 2067 563 2134; x_wconf 87' lang='lat' dir='ltr'><strong>advenientis</strong></span> <span class='ocrx_word' id='word_1_88' title='bbox 582 2070 770 2146; x_wconf 78' lang='lat' dir='ltr'><strong>HenrieuS,</strong></span> <span class='ocrx_word' id='word_1_89' title='bbox 786 2067 870 2150; x_wconf 91' lang='lat' dir='ltr'><strong>quin</strong></span> <span class='ocrx_word' id='word_1_90' title='bbox 895 2087 973 2130; x_wconf 88' lang='lat' dir='ltr'><strong>oum</strong></span> <span class='ocrx_word' id='word_1_91' title='bbox 990 2066 1079 2131; x_wconf 83' lang='lat' dir='ltr'><strong>falso</strong></span> <span class='ocrx_word' id='word_1_92' title='bbox 1100 2087 1204 2150; x_wconf 91' lang='lat' dir='ltr'><strong>papa,</strong></span> <span class='ocrx_word' id='word_1_93' title='bbox 1222 2066 1297 2132; x_wconf 91' lang='lat' dir='ltr'><strong>sola</strong></span> 
     </span>
     <span class='ocr_line' id='line_1_17' title="bbox 347 2161 1296 2250; baseline 0.001 -21"><span class='ocrx_word' id='word_1_94' title='bbox 347 2167 442 2232; x_wconf 85' lang='lat' dir='ltr'><strong>fama</strong></span> <span class='ocrx_word' id='word_1_95' title='bbox 464 2170 618 2246; x_wconf 89' lang='lat' dir='ltr'><strong>territus,</strong></span> <span class='ocrx_word' id='word_1_96' title='bbox 641 2175 740 2250; x_wconf 83' lang='lat' dir='ltr'><strong>terga</strong></span> <span class='ocrx_word' id='word_1_97' title='bbox 754 2161 883 2231; x_wconf 82' lang='lat' dir='ltr'><strong>⁴daret.</strong></span> <span class='ocrx_word' id='word_1_98' title='bbox 928 2166 1053 2231; x_wconf 84' lang='lat' dir='ltr'><strong>Vacua</strong></span> <span class='ocrx_word' id='word_1_99' title='bbox 1072 2167 1116 2230; x_wconf 90' lang='lat' dir='ltr'><strong>ab</strong></span> <span class='ocrx_word' id='word_1_100' title='bbox 1138 2169 1296 2231; x_wconf 85' lang='lat' dir='ltr'><strong>obsesso-</strong></span> 
     </span>
     <span class='ocr_line' id='line_1_18' title="bbox 348 2266 1297 2350; baseline -0.001 -21"><span class='ocrx_word' id='word_1_101' title='bbox 348 2268 456 2345; x_wconf 88' lang='lat' dir='ltr'><strong>ribus,</strong></span> <span class='ocrx_word' id='word_1_102' title='bbox 489 2268 604 2333; x_wconf 90' lang='lat' dir='ltr'><strong>Roma</strong></span> <span class='ocrx_word' id='word_1_103' title='bbox 624 2267 816 2350; x_wconf 84' lang='lat' dir='ltr'><strong>legitimum</strong></span> <span class='ocrx_word' id='word_1_104' title='bbox 839 2266 1021 2348; x_wconf 88' lang='lat' dir='ltr'><strong>praesulem</strong></span> <span class='ocrx_word' id='word_1_105' title='bbox 1049 2267 1201 2348; x_wconf 81' lang='lat' dir='ltr'><strong>accepit3</strong></span> <span class='ocrx_word' id='word_1_106' title='bbox 1236 2266 1297 2330; x_wconf 90' lang='lat' dir='ltr'><strong>sed</strong></span> 
     </span>
     <span class='ocr_line' id='line_1_19' title="bbox 348 2366 1298 2450; baseline -0.001 -21"><span class='ocrx_word' id='word_1_107' title='bbox 348 2385 419 2430; x_wconf 91' lang='lat' dir='ltr'><strong>non</strong></span> <span class='ocrx_word' id='word_1_108' title='bbox 436 2369 545 2432; x_wconf 90' lang='lat' dir='ltr'><strong>multo</strong></span> <span class='ocrx_word' id='word_1_109' title='bbox 562 2373 653 2450; x_wconf 89' lang='lat' dir='ltr'><strong>post,</strong></span> <span class='ocrx_word' id='word_1_110' title='bbox 676 2367 796 2431; x_wconf 89' lang='lat' dir='ltr'><strong>eadem</strong></span> <span class='ocrx_word' id='word_1_111' title='bbox 812 2366 978 2430; x_wconf 83' lang='lat' dir='ltr'><strong>violentia</strong></span> <span class='ocrx_word' id='word_1_112' title='bbox 996 2384 1066 2447; x_wconf 85' lang='lat' dir='ltr'><strong>qua</strong></span> <span class='ocrx_word' id='word_1_113' title='bbox 1087 2366 1195 2448; x_wconf 88' lang='lat' dir='ltr'><strong>prius,</strong></span> <span class='ocrx_word' id='word_1_114' title='bbox 1213 2367 1298 2428; x_wconf 88' lang='lat' dir='ltr'><strong>ami-</strong></span> 
     </span>
     <span class='ocr_line' id='line_1_20' title="bbox 347 2463 1297 2548; baseline 0 -19"><span class='ocrx_word' id='word_1_115' title='bbox 347 2466 405 2530; x_wconf 89' lang='lat' dir='ltr'><strong>sit.</strong></span> <span class='ocrx_word' id='word_1_116' title='bbox 457 2467 557 2529; x_wconf 87' lang='lat' dir='ltr'><strong>Tune</strong></span> <span class='ocrx_word' id='word_1_117' title='bbox 580 2485 717 2548; x_wconf 81' lang='lat' dir='ltr'><strong>quoque</strong></span> <span class='ocrx_word' id='word_1_118' title='bbox 744 2463 905 2542; x_wconf 88' lang='lat' dir='ltr'><strong>Alexius,</strong></span> <span class='ocrx_word' id='word_1_119' title='bbox 933 2465 1078 2528; x_wconf 91' lang='lat' dir='ltr'><strong>audiens</strong></span> <span class='ocrx_word' id='word_1_120' title='bbox 1104 2465 1297 2529; x_wconf 89' lang='lat' dir='ltr'><strong>Robertum</strong></span> 
     </span>
     <span class='ocr_line' id='line_1_21' title="bbox 346 2565 1296 2646; baseline -0.001 -18"><span class='ocrx_word' id='word_1_121' title='bbox 346 2565 392 2628; x_wconf 91' lang='lat' dir='ltr'><strong>ad</strong></span> <span class='ocrx_word' id='word_1_122' title='bbox 419 2585 484 2632; x_wconf 88' lang='lat' dir='ltr'><strong>sua</strong></span> <span class='ocrx_word' id='word_1_123' title='bbox 510 2565 703 2630; x_wconf 84' lang='lat' dir='ltr'><strong>necessario</strong></span> <span class='ocrx_word' id='word_1_124' title='bbox 722 2571 935 2641; x_wconf 84' lang='lat' dir='ltr'><strong>revocatum,</strong></span> <span class='ocrx_word' id='word_1_125' title='bbox 961 2583 1198 2646; x_wconf 88' lang='lat' dir='ltr'><strong>summamque</strong></span> <span class='ocrx_word' id='word_1_126' title='bbox 1223 2584 1296 2627; x_wconf 84' lang='lat' dir='ltr'><strong>ma·</strong></span> 
     </span>
     <span class='ocr_line' id='line_1_22' title="bbox 346 2664 1298 2746; baseline -0.001 -19"><span class='ocrx_word' id='word_1_127' title='bbox 346 2684 430 2728; x_wconf 91' lang='lat' dir='ltr'><strong>num</strong></span> <span class='ocrx_word' id='word_1_128' title='bbox 445 2664 537 2729; x_wconf 92' lang='lat' dir='ltr'><strong>bello</strong></span> <span class='ocrx_word' id='word_1_129' title='bbox 550 2665 726 2746; x_wconf 89' lang='lat' dir='ltr'><strong>imponere</strong></span> <span class='ocrx_word' id='word_1_130' title='bbox 742 2669 898 2746; x_wconf 87' lang='lat' dir='ltr'><strong>sperans,</strong></span> <span class='ocrx_word' id='word_1_131' title='bbox 920 2682 1027 2744; x_wconf 87' lang='lat' dir='ltr'><strong>supra</strong></span> <span class='ocrx_word' id='word_1_132' title='bbox 1043 2665 1298 2741; x_wconf 88' lang='lat' dir='ltr'><strong>Boamundum,</strong></span> 
     </span>
     <span class='ocr_line' id='line_1_23' title="bbox 347 2757 1297 2847; baseline -0.001 -21"><span class='ocrx_word' id='word_1_133' title='bbox 347 2764 408 2847; x_wconf 90' lang='lat' dir='ltr'><strong>qui</strong></span> <span class='ocrx_word' id='word_1_134' title='bbox 437 2771 555 2847; x_wconf 88' lang='lat' dir='ltr'><strong>partes</strong></span> <span class='ocrx_word' id='word_1_135' title='bbox 582 2764 721 2828; x_wconf 89' lang='lat' dir='ltr'><strong>relictas</strong></span> <span class='ocrx_word' id='word_1_136' title='bbox 746 2764 919 2840; x_wconf 88' lang='lat' dir='ltr'><strong>tuebatur,</strong></span> <span class='ocrx_word' id='word_1_137' title='bbox 947 2757 1086 2842; x_wconf 77' lang='lat' dir='ltr'><strong>⁵irruit3</strong></span> <span class='ocrx_word' id='word_1_138' title='bbox 1117 2763 1177 2826; x_wconf 91' lang='lat' dir='ltr'><strong>sed</strong></span> <span class='ocrx_word' id='word_1_139' title='bbox 1205 2762 1297 2827; x_wconf 92' lang='lat' dir='ltr'><strong>Nor-</strong></span> 
     </span>
     <span class='ocr_line' id='line_1_24' title="bbox 348 2862 1296 2945; baseline -0.003 -16"><span class='ocrx_word' id='word_1_140' title='bbox 348 2881 507 2940; x_wconf 74' lang='lat' dir='ltr'><strong>mannuS,</strong></span> <span class='ocrx_word' id='word_1_141' title='bbox 526 2863 689 2945; x_wconf 85' lang='lat' dir='ltr'><strong>gentilitii</strong></span> <span class='ocrx_word' id='word_1_142' title='bbox 706 2863 839 2927; x_wconf 88' lang='lat' dir='ltr'><strong>roboris</strong></span> <span class='ocrx_word' id='word_1_143' title='bbox 855 2868 963 2926; x_wconf 87' lang='lat' dir='ltr'><strong>tenax</strong></span> <span class='ocrx_word' id='word_1_144' title='bbox 979 2862 1192 2940; x_wconf 70' lang='lat' dir='ltr'><strong>adolescens</strong></span> <span class='ocrx_word' id='word_1_145' title='bbox 1208 2864 1296 2926; x_wconf 91' lang='lat' dir='ltr'><strong>arie-</strong></span> 
     </span>
     <span class='ocr_line' id='line_1_25' title="bbox 348 2962 1300 3044; baseline 0 -18"><span class='ocrx_word' id='word_1_146' title='bbox 348 2969 465 3026; x_wconf 88' lang='lat' dir='ltr'><strong>tantes</strong></span> <span class='ocrx_word' id='word_1_147' title='bbox 495 2962 651 3037; x_wconf 83' lang='lat' dir='ltr'><strong>Graecos,</strong></span> <span class='ocrx_word' id='word_1_148' title='bbox 689 2969 726 3026; x_wconf 90' lang='lat' dir='ltr'><strong>et</strong></span> <span class='ocrx_word' id='word_1_149' title='bbox 763 2969 908 3025; x_wconf 86' lang='lat' dir='ltr'><strong>caeteras</strong></span> <span class='ocrx_word' id='word_1_150' title='bbox 948 2981 1026 3044; x_wconf 82' lang='lat' dir='ltr'><strong>quae</strong></span> <span class='ocrx_word' id='word_1_151' title='bbox 1066 2969 1300 3026; x_wconf 86' lang='lat' dir='ltr'><strong>convenerant</strong></span> 
     </span>
     <span class='ocr_line' id='line_1_26' title="bbox 322 3060 1313 3144; baseline 0.001 -20"><span class='ocrx_word' id='word_1_152' title='bbox 322 3069 482 3143; x_wconf 60' lang='lat' dir='ltr'><strong>gentes</strong></span> <span class='ocrx_word' id='word_1_153' title='bbox 510 3082 577 3126; x_wconf 90' lang='lat' dir='ltr'><strong>usu</strong></span> <span class='ocrx_word' id='word_1_154' title='bbox 604 3061 758 3138; x_wconf 89' lang='lat' dir='ltr'><strong>militari,</strong></span> <span class='ocrx_word' id='word_1_155' title='bbox 790 3061 949 3144; x_wconf 88' lang='lat' dir='ltr'><strong>quamvis</strong></span> <span class='ocrx_word' id='word_1_156' title='bbox 984 3060 1131 3124; x_wconf 87' lang='lat' dir='ltr'><strong>multum</strong></span> <span class='ocrx_word' id='word_1_157' title='bbox 1155 3081 1313 3126; x_wconf 90' lang='lat' dir='ltr'><strong>numero.</strong></span> 
     </span>
     <span class='ocr_line' id='line_1_27' title="bbox 348 3159 1299 3243; baseline 0.001 -20"><span class='ocrx_word' id='word_1_158' title='bbox 348 3161 500 3239; x_wconf 88' lang='lat' dir='ltr'><strong>inferior,</strong></span> <span class='ocrx_word' id='word_1_159' title='bbox 514 3163 607 3243; x_wconf 83' lang='lat' dir='ltr'><strong>fugae</strong></span> <span class='ocrx_word' id='word_1_160' title='bbox 630 3160 783 3225; x_wconf 91' lang='lat' dir='ltr'><strong>tradidit.</strong></span> <span class='ocrx_word' id='word_1_161' title='bbox 835 3159 966 3224; x_wconf 89' lang='lat' dir='ltr'><strong>Eodem</strong></span> <span class='ocrx_word' id='word_1_162' title='bbox 987 3179 1125 3242; x_wconf 90' lang='lat' dir='ltr'><strong>quoque</strong></span> <span class='ocrx_word' id='word_1_163' title='bbox 1143 3167 1299 3243; x_wconf 88' lang='lat' dir='ltr'><strong>tempore</strong></span> 
     </span>
     <span class='ocr_line' id='line_1_28' title="bbox 346 3258 1300 3343; baseline -0.001 -19"><span class='ocrx_word' id='word_1_164' title='bbox 346 3259 489 3339; x_wconf 85' lang='lat' dir='ltr'><strong>Veneti,</strong></span> <span class='ocrx_word' id='word_1_165' title='bbox 506 3281 592 3343; x_wconf 84' lang='lat' dir='ltr'><strong>gens</strong></span> <span class='ocrx_word' id='word_1_166' title='bbox 614 3261 702 3324; x_wconf 86' lang='lat' dir='ltr'><strong>meri</strong></span> <span class='ocrx_word' id='word_1_167' title='bbox 724 3267 876 3336; x_wconf 90' lang='lat' dir='ltr'><strong>assueta,</strong></span> <span class='ocrx_word' id='word_1_168' title='bbox 895 3258 1138 3338; x_wconf 81' lang='lat' dir='ltr'><strong>Guiscardum,</strong></span> <span class='ocrx_word' id='word_1_169' title='bbox 1158 3266 1300 3343; x_wconf 89' lang='lat' dir='ltr'><strong>propter</strong></span> 
     </span>
     <span class='ocr_line' id='line_1_29' title="bbox 347 3353 1300 3442; baseline -0.001 -19"><span class='ocrx_word' id='word_1_170' title='bbox 347 3380 426 3442; x_wconf 87' lang='lat' dir='ltr'><strong>quae</strong></span> <span class='ocrx_word' id='word_1_171' title='bbox 451 3367 595 3425; x_wconf 86' lang='lat' dir='ltr'><strong>venerat</strong></span> <span class='ocrx_word' id='word_1_172' title='bbox 620 3359 762 3436; x_wconf 88' lang='lat' dir='ltr'><strong>sedatis,</strong></span> <span class='ocrx_word' id='word_1_173' title='bbox 791 3358 1016 3423; x_wconf 85' lang='lat' dir='ltr'><strong>transfretare</strong></span> <span class='ocrx_word' id='word_1_174' title='bbox 1042 3353 1215 3424; x_wconf 89' lang='lat' dir='ltr'><strong>volentem</strong></span> <span class='ocrx_word' id='word_1_175' title='bbox 1237 3379 1300 3442; x_wconf 83' lang='lat' dir='ltr'><strong>ag·</strong></span> 
     </span>
     <span class='ocr_line' id='line_1_30' title="bbox 347 3457 1299 3543; baseline 0.001 -22"><span class='ocrx_word' id='word_1_176' title='bbox 347 3459 470 3541; x_wconf 83' lang='lat' dir='ltr'><strong>gressi,</strong></span> <span class='ocrx_word' id='word_1_177' title='bbox 506 3461 717 3543; x_wconf 90' lang='lat' dir='ltr'><strong>superiorem</strong></span> <span class='ocrx_word' id='word_1_178' title='bbox 755 3457 988 3522; x_wconf 88' lang='lat' dir='ltr'><strong>calamitatem</strong></span> <span class='ocrx_word' id='word_1_179' title='bbox 1022 3477 1180 3538; x_wconf 80' lang='lat' dir='ltr'><strong>sensere3</strong></span> <span class='ocrx_word' id='word_1_180' title='bbox 1217 3478 1299 3541; x_wconf 86' lang='lat' dir='ltr'><strong>pars</strong></span> 
     </span>
     <span class='ocr_line' id='line_1_31' title="bbox 346 3555 1300 3640; baseline 0.001 -19"><span class='ocrx_word' id='word_1_181' title='bbox 346 3559 451 3621; x_wconf 91' lang='lat' dir='ltr'><strong>mersi</strong></span> <span class='ocrx_word' id='word_1_182' title='bbox 468 3565 503 3622; x_wconf 88' lang='lat' dir='ltr'><strong>et</strong></span> <span class='ocrx_word' id='word_1_183' title='bbox 520 3558 613 3636; x_wconf 85' lang='lat' dir='ltr'><strong>oaesi,</strong></span> <span class='ocrx_word' id='word_1_184' title='bbox 631 3577 711 3640; x_wconf 90' lang='lat' dir='ltr'><strong>pars</strong></span> <span class='ocrx_word' id='word_1_185' title='bbox 731 3555 855 3639; x_wconf 82' lang='lat' dir='ltr'><strong>fugati.</strong></span> <span class='ocrx_word' id='word_1_186' title='bbox 909 3556 987 3634; x_wconf 91' lang='lat' dir='ltr'><strong>Ille,</strong></span> <span class='ocrx_word' id='word_1_187' title='bbox 1003 3565 1155 3640; x_wconf 87' lang='lat' dir='ltr'><strong>eoeptam</strong></span> <span class='ocrx_word' id='word_1_188' title='bbox 1181 3560 1300 3623; x_wconf 89' lang='lat' dir='ltr'><strong>enavi-</strong></span> 
     </span>
     <span class='ocr_line' id='line_1_32' title="bbox 347 3648 1299 3738; baseline 0.002 -18"><span class='ocrx_word' id='word_1_189' title='bbox 347 3648 435 3738; x_wconf 76' lang='lat' dir='ltr'><strong>gans</strong></span> <span class='ocrx_word' id='word_1_190' title='bbox 450 3658 555 3734; x_wconf 80' lang='lat' dir='ltr'><strong>viam,</strong></span> <span class='ocrx_word' id='word_1_191' title='bbox 576 3658 705 3721; x_wconf 85' lang='lat' dir='ltr'><strong>multas</strong></span> <span class='ocrx_word' id='word_1_192' title='bbox 727 3655 888 3721; x_wconf 86' lang='lat' dir='ltr'><strong>civitates</strong></span> <span class='ocrx_word' id='word_1_193' title='bbox 903 3653 1022 3720; x_wconf 86' lang='lat' dir='ltr'><strong>Alexii</strong></span> <span class='ocrx_word' id='word_1_194' title='bbox 1038 3675 1111 3720; x_wconf 86' lang='lat' dir='ltr'><strong>suae</strong></span> <span class='ocrx_word' id='word_1_195' title='bbox 1124 3657 1299 3722; x_wconf 86' lang='lat' dir='ltr'><strong>voluntati</strong></span> 
     </span>
    </p>
   </div>
   <div class='ocr_carea' id='block_1_3' title="bbox 348 3905 1300 4066">
    <p class='ocr_par' dir='ltr' id='par_1_3' title="bbox 348 3905 1300 4066">
     <span class='ocr_line' id='line_1_33' title="bbox 383 3905 1300 3997; baseline -0.005 -16"><span class='ocrx_word' id='word_1_196' title='bbox 383 3927 544 3993; x_wconf 79' lang='lat' dir='ltr'><strong>¹Henn&#39;cur,</strong></span> <span class='ocrx_word' id='word_1_197' title='bbox 566 3929 640 3997; x_wconf 73' lang='lat' dir='ltr'><strong>filias</strong></span> <span class='ocrx_word' id='word_1_198' title='bbox 670 3905 809 3990; x_wconf 72' lang='lat' dir='ltr'><strong>Raurici]</strong></span> <span class='ocrx_word' id='word_1_199' title='bbox 836 3924 957 3986; x_wconf 81' lang='lat' dir='ltr'><strong>besieged</strong></span> <span class='ocrx_word' id='word_1_200' title='bbox 973 3927 1009 3987; x_wconf 84' lang='lat' dir='ltr'><strong>by</strong></span> <span class='ocrx_word' id='word_1_201' title='bbox 1020 3925 1110 3986; x_wconf 83' lang='lat' dir='ltr'><strong>Henry</strong></span> <span class='ocrx_word' id='word_1_202' title='bbox 1127 3925 1154 3972; x_wconf 91' lang='lat' dir='ltr'><strong>in</strong></span> <span class='ocrx_word' id='word_1_203' title='bbox 1172 3925 1215 3974; x_wconf 85' lang='lat' dir='ltr'><strong>the</strong></span> <span class='ocrx_word' id='word_1_204' title='bbox 1226 3941 1300 3988; x_wconf 81' lang='lat' dir='ltr'><strong>years</strong></span> 
     </span>
     <span class='ocr_line' id='line_1_34' title="bbox 348 3995 1052 4066; baseline -0.011 -15"><span class='ocrx_word' id='word_1_205' title='bbox 348 4003 438 4066; x_wconf 81' lang='lat' dir='ltr'><strong>Hem-y</strong></span> <span class='ocrx_word' id='word_1_206' title='bbox 449 4002 497 4052; x_wconf 91' lang='lat' dir='ltr'><strong>1v.</strong></span> <span class='ocrx_word' id='word_1_207' title='bbox 837 3997 900 4044; x_wconf 81' lang='lat'>1081</span> <span class='ocrx_word' id='word_1_208' title='bbox 914 3995 965 4043; x_wconf 91' lang='lat' dir='ltr'><strong>and</strong></span> <span class='ocrx_word' id='word_1_209' title='bbox 978 3998 1052 4044; x_wconf 74' lang='lat'><strong>1⁰84.</strong></span> 
     </span>
    </p>
   </div>
   <div class='ocr_carea' id='block_1_4' title="bbox 381 4063 1299 4196">
    <p class='ocr_par' dir='ltr' id='par_1_4' title="bbox 381 4063 1299 4196">
     <span class='ocr_line' id='line_1_35' title="bbox 381 4063 1299 4152; baseline 0.008 -44"><span class='ocrx_word' id='word_1_210' title='bbox 381 4098 393 4132; x_wconf 54' lang='lat'><strong>9</strong></span> <span class='ocrx_word' id='word_1_211' title='bbox 403 4099 429 4152; x_wconf 75' lang='lat' dir='ltr'><em>D</em></span> <span class='ocrx_word' id='word_1_212' title='bbox 728 4101 733 4112; x_wconf 91' lang='lat'><strong><em>.</em></strong></span> <span class='ocrx_word' id='word_1_213' title='bbox 872 4063 995 4128; x_wconf 71' lang='lat' dir='ltr'><strong>⁴Daret]</strong></span> <span class='ocrx_word' id='word_1_214' title='bbox 1013 4063 1255 4129; x_wconf 81' lang='lat' dir='ltr'><strong>S.D.;damnaret,</strong></span> <span class='ocrx_word' id='word_1_215' title='bbox 1265 4065 1299 4116; x_wconf 74' lang='lat' dir='ltr'><strong>A.</strong></span> 
     </span>
     <span class='ocr_line' id='line_1_36' title="bbox 430 4093 957 4196; baseline -0.004 -44"><span class='ocrx_word' id='word_1_216' title='bbox 430 4118 499 4166; x_wconf 80' lang='lat' dir='ltr'><strong>eque</strong></span> <span class='ocrx_word' id='word_1_217' title='bbox 513 4118 587 4166; x_wconf 76' lang='lat' dir='ltr'><strong>supro</strong></span> <span class='ocrx_word' id='word_1_218' title='bbox 604 4093 815 4196; x_wconf 43' lang='lat' dir='ltr'><strong>menwraetmaoj·</strong></span> <span class='ocrx_word' id='word_1_219' title='bbox 837 4134 868 4182; x_wconf 41' lang='lat' dir='ltr'><strong>C·</strong></span> <span class='ocrx_word' id='word_1_220' title='bbox 880 4135 913 4183; x_wconf 44' lang='lat' dir='ltr'><strong>E·</strong></span> <span class='ocrx_word' id='word_1_221' title='bbox 926 4134 957 4182; x_wconf 46' lang='lat' dir='ltr'><strong>L·</strong></span> 
     </span>
    </p>
   </div>
   <div class='ocr_carea' id='block_1_5' title="bbox 345 4173 1301 4346">
    <p class='ocr_par' dir='ltr' id='par_1_5' title="bbox 345 4173 1301 4346">
     <span class='ocr_line' id='line_1_37' title="bbox 345 4173 1301 4272; baseline 0.004 -22"><span class='ocrx_word' id='word_1_222' title='bbox 345 4173 637 4236; x_wconf 48' lang='lat' dir='ltr'><strong>”ww-”benet</strong></span> <span class='ocrx_word' id='word_1_223' title='bbox 718 4227 720 4230; x_wconf 30' lang='lat' dir='ltr'>v</span> <span class='ocrx_word' id='word_1_224' title='bbox 844 4210 845 4213; x_wconf 37' lang='lat'>¹</span> <span class='ocrx_word' id='word_1_225' title='bbox 869 4197 1301 4272; x_wconf 72' lang='lat' dir='ltr'><strong>⁵1nutt.]r.s.D.E.L.;ve·</strong></span> 
     </span>
     <span class='ocr_line' id='line_1_38' title="bbox 380 4271 997 4346; baseline -0.005 -22"><span class='ocrx_word' id='word_1_226' title='bbox 380 4271 505 4324; x_wconf 79' lang='lat' dir='ltr'><strong>³Romam</strong></span> <span class='ocrx_word' id='word_1_227' title='bbox 523 4274 638 4344; x_wconf 66' lang='lat' dir='ltr'><strong>obsedit]</strong></span> <span class='ocrx_word' id='word_1_228' title='bbox 655 4275 735 4324; x_wconf 87' lang='lat' dir='ltr'><strong>Rome</strong></span> <span class='ocrx_word' id='word_1_229' title='bbox 753 4287 809 4323; x_wconf 84' lang='lat' dir='ltr'><strong>was</strong></span> <span class='ocrx_word' id='word_1_230' title='bbox 834 4274 883 4342; x_wconf 77' lang='lat' dir='ltr'><strong>nit,</strong></span> <span class='ocrx_word' id='word_1_231' title='bbox 894 4274 936 4346; x_wconf 52' lang='lat'><strong>⁰&amp;</strong></span> <span class='ocrx_word' id='word_1_232' title='bbox 993 4333 997 4345; x_wconf 23' lang='grc' dir='ltr'><strong>ὃ</strong></span> 
     </span>
    </p>
   </div>
   <div class='ocr_carea' id='block_1_6' title="bbox 0 0 1564 4974">
    <p class='ocr_par' dir='ltr' id='par_1_6' title="bbox 0 0 1564 4974">
     <span class='ocr_line' id='line_1_39' title="bbox 0 0 1564 4974; baseline 0 0"><span class='ocrx_word' id='word_1_233' title='bbox 0 0 1564 4974; x_wconf 95' lang='lat' dir='ltr'><strong> </strong></span> 
     </span>
    </p>
   </div>
  </div>
 </body>
</html>
