3152 4970
374 490 441 556 674
593 505 707 553 casrs
731 504 857 552 nncuu
882 502 1096 551 suanorum
1194 489 1330 570 [mnv.

516 677 563 723 DE
585 675 748 724 SERLONE
771 675 913 722 AEBATE
936 673 1186 726 ouoEdESTRAE.

214 784 344 874 mm}
428 783 446 868 ς
460 784 537 848 441.
557 784 615 863 Et,
631 805 674 848 ne
690 783 821 866 Anglia
838 803 962 868 expers
978 784 1059 848 boni
1074 791 1228 866 putetur,
1247 789 1325 870 quis

215 888 253 924 W·
375 885 488 968 possit
504 885 681 967 praeterire
707 884 883 948 Serlonem
907 885 1066 946 abbatem
1083 883 1325 951 Gloecestren-

376 1003 461 1061 sem,
474 985 535 1066 qui
549 985 663 1048 locum
683 984 783 1048 illum
800 1005 845 1048 ex
860 983 981 1047 humili
998 990 1033 1046 et
1049 1004 1138 1066 pene
1159 986 1256 1050 nullo
1279 989 1323 1050 ad

375 1083 564 1165 gloriosum
580 1092 782 1168 provectum
798 1083 948 1149 extulitl
983 1082 1081 1146 Nota
1096 1091 1149 1147 est
1165 1087 1323 1150 omnibus

375 1181 503 1266 Anglis
520 1182 794 1250 Gloecestrensis
817 1184 966 1248 discreta
987 1183 1121 1264 religio,
1144 1203 1247 1265 quam
1270 1187 1323 1249 in-

376 1283 494 1346 firmus
525 1286 637 1366 possit
661 1285 849 1366 suspicere,
877 1302 940 1346 nec
971 1283 1083 1364 possit
1110 1281 1221 1347 fortis-
1239 1305 1321 1350 con-

375 1389 539 1446 temnere.
594 1383 674 1449 Hoc
699 1384 769 1446 illis
792 1383 936 1466 signifer
955 1381 1053 1445 Serlo
1075 1383 1205 1458 intulit,
1222 1392 1261 1448 ut
1281 1406 1325 1448 ne

373 1482 457 1564 quid
479 1482 592 1548 nimis.
644 1482 815 1562 Quamvis
831 1491 870 1547 ut
884 1489 960 1547 erat
981 1481 1081 1545 bonis
1103 1481 1254 1559 humilis,
1271 1485 1323 1548 ita

373 1581 531 1663 superbis
551 1583 672 1645 minax
699 1601 740 1644 ac
764 1583 937 1647 terribilis.
991 1578 1047 1644 Ad
1067 1581 1159 1664 quod
1182 1581 1322 1646 firman-

372 1679 454 1743 dum
476 1701 597 1744 versus
623 1682 666 1746 de
688 1701 729 1746 eo
745 1681 926 1746 Godefridi
943 1681 1068 1763 prioris
1094 1681 1261 1746 adducam
1284 1684 1321 1746 in

373 1779 534 1844 medium.

576 1968 716 2018 VERSUS
739 1971 786 2018 DE
810 1970 931 2018 EODEM
956 1971 1116 2019 MORTUO.

371 2077 560 2143 ‘Ecclesiae
579 2096 696 2141 murus
710 2077 846 2154 cecidit,
864 2078 1005 2143 Serlone
1020 2079 1185 2142 cadente:

443 2177 596 2242 Virtutis
611 2177 761 2260 gladius,
774 2179 921 2242 buccina
929 2178 1090 2282 justitiae,

394 2276 490 2342 Vera
502 2278 656 2361 loquens,
675 2285 710 2341 et
725 2297 794 2342 non
805 2279 906 2341 vanis
923 2279 1140 2342 sermonibus
1154 2286 1268 2356 utens,

444 2378 502 2455 Et,
518 2396 606 2461 quos
623 2377 801 2460 corripuit,
817 2377 1030 2460 principibus
1046 2378 1188 2460 placuit.

392 2477 416 2541 J
419 2477 569 2542 udicium
584 2496 751 2560 praecepa,
766 2477 960 2541 contrarius
978 2477 1106 2541 ordinis
1123 2497 1230 2555 error,

443 2576 490 2640 Et
504 2576 630 2642 levitas
644 2595 790 2653 morum,
806 2596 875 2640 non
891 2578 1052 2659 placuere
1066 2578 1142 2641 sibi.

391 2675 531 2739 Tertius
546 2695 568 2738 a
584 2674 608 2738 J
610 2694 677 2738 ano
690 2677 830 2752 mensis,
844 2677 907 2739 lux
923 2678 1027 2740 tertia
1043 2678 1183 2754 mensiS,

441 2774 530 2838 Cum
546 2793 629 2839 nece
643 2793 864 2857 suppressum
883 2776 957 2840 vita
974 2776 1104 2841 levavit
1119 2777 1219 2840 eum?

453 2965 502 3012 DE
524 2964 690 3012 LANZONE
713 2965 848 3014 PRIORE
870 2965 1001 3014 sallom
1026 2965 1237 3016 cascanum.

207 3079 343 3170 3233}OE
418 3074 535 3158 §442
560 3072 650 3152 Quis
677 3073 874 3138 Lanzonem
903 3081 1031 3152 taceat,
1058 3073 1185 3156 quiea
1210 3081 1314 3138 aetate

367 3174 464 3239 nullo
485 3175 628 3239 inferius
653 3175 838 3239 sanctitate
862 3173 991 3252 floruit,
1017 3174 1207 3238 monachus
1230 3174 1314 3239 Glu-

367 3275 551 3352 niacensis,
574 3282 609 3338 et
629 3273 724 3356 prior
743 3269 871 3338 ¹sancti
898 3273 1078 3338 Pancratii
1100 3275 1136 3337 in
1157 3272 1312 3356 Anglial

367 3375 428 3456 qui
441 3375 615 3458 probitate
630 3393 695 3438 sua
708 3375 759 3438 ita
774 3374 888 3438 locum
900 3374 999 3437 illum
1018 3375 1223 3438 reverentiae
1237 3396 1310 3438 mo-

366 3474 513 3537 nachilis
540 3475 655 3556 gratia
678 3474 886 3551 nobilitavit,
917 3480 957 3536 ut
985 3475 1124 3538 unicum
1147 3475 1312 3539 bonitatis

365 3592 429 3654 pro
450 3592 532 3638 vero
560 3581 736 3637 asseratur
761 3593 837 3638 esse
861 3573 1082 3637 domicilium.
1134 3574 1189 3639 De
1212 3574 1313 3658 cujus

366 3673 440 3738 vita
455 3671 538 3754 quia
551 3673 716 3756 quicquid
734 3673 855 3738 dixero
879 3672 971 3736 infra
986 3673 1079 3736 illius
1097 3674 1221 3737 merita
1235 3693 1311 3738 esse

365 3772 547 3850 denuncio,
587 3773 698 3836 solum
735 3773 828 3837 illius
866 3773 1009 3851 obitum,
1036 3771 1150 3837 verbis
1187 3773 1311 3856 quibus

365 3874 530 3956 scriptum
564 3873 693 3950 inveni,
733 3892 919 3956 apponam,
950 3880 989 3936 ut
1024 3871 1156 3956 liquido
1191 3881 1311 3955 pateat

364 3992 468 4054 quam
484 3973 635 4054 gloriose
651 3972 780 4037 vixerit
795 3974 856 4056 qui
873 3981 944 4037 tam
958 3973 1111 4054 gratiose
1128 3973 1225 4036 obiit.

475 4228 484 4260 ¹
496 4229 584 4282 Sancti
595 4227 726 4280 Pancratii
736 4227 762 4276 is
773 4225 890 4290 anglia]
907 4228 943 4276 At
954 4227 1044 4277 lewes
1055 4228 1082 4276 in
1093 4228 1197 4277 Sussex.
