3080 4960
378 436 445 504 728
662 455 836 504 nrsroarn
859 436 1332 554 novunnn.[n1a.11.

218 626 368 719 mutor
380 611 426 675 ab
452 610 507 674 bis
532 610 637 677 etiam
662 630 749 695 quos
776 611 952 676 felicitatis
978 609 1054 695 ejus
1082 609 1215 675 invidia
1239 611 1330 676 clam

302 679 356 728 ‘¹¹'
379 709 560 776 mordebat
561 712 802 795 ,maximeque
819 711 1019 775 aministris
1033 704 1092 774 et¹
1100 717 1183 774 tunc
1199 709 1332 775 debito-

380 811 476 874 ribus
493 810 597 893 regis,
617 811 649 874 ei
665 830 882 894 quaecunque
903 830 992 894 pene
1014 811 1205 892 cogitasset
1218 811 1332 875 conse-

381 911 558 974 rebantur.
589 909 727 992 Siquid
745 910 1021 993 possessionibus
1039 909 1115 993 eJus
1129 910 1331 998 contiguum

382 1016 458 1074 erat
479 1009 572 1090 quod
598 1010 671 1073 suis
695 1009 903 1074 utilitatibus
927 1008 1146 1086 conduceret,
1167 1011 1332 1074 continuo

381 1109 439 1173 vel
462 1129 565 1193 prece
580 1109 635 1174 vel
659 1110 783 1193 pretio,
806 1109 860 1172 sin
884 1109 997 1172 minus
1014 1108 1193 1186 violentia,
1215 1115 1332 1173 extor-

382 1209 523 1291 quebat.
575 1208 670 1292 lpse,
685 1208 854 1290 singulari
873 1207 985 1291 gloria
1002 1203 1189 1293 (quantum
1212 1216 1333 1273 nostra

383 1315 471 1373 aetas
496 1308 668 1372 reminisci
692 1306 822 1397 potest)
851 1309 889 1372 in
922 1307 1080 1372 domibus
1107 1307 1331 1386 aedificandis

382 1407 565 1491 splendida
579 1427 642 1492 per
655 1427 774 1472 omnes
789 1409 1025 1490 possessiones
1040 1427 1123 1471 suas
1137 1409 1334 1472 construxit

382 1507 592 1584 habitacula,
609 1508 646 1571 iu
663 1509 788 1589 quibus
803 1507 915 1572 solum
932 1507 1068 1573 tuendis
1095 1526 1332 1573 successorum

383 1607 460 1690 ejus
481 1607 611 1670 frustra
629 1607 801 1672 laborabit
825 1626 953 1691 opera3
977 1607 1093 1670 sedem
1117 1625 1216 1670 suam
1237 1608 1333 1672 miri·

383 1705 458 1770 ficis
483 1706 695 1770 ornamentis
720 1713 755 1770 et
770 1706 937 1782 aediliciis,
960 1706 1047 1771 citra
1070 1707 1178 1769 ullam
1203 1726 1332 1789 expen-

383 1825 500 1870 sarum
518 1807 778 1888 parcimoniam,
798 1807 834 1869 in
848 1807 1052 1870 immensum
1068 1807 1207 1871 extulit.
1246 1807 1333 1870 Erat

383 1924 525 1988 prorsus
540 1906 665 1970 mirum
678 1906 795 1971 videre
811 1906 853 1970 dc
868 1907 1005 1970 bomine
1018 1906 1091 1984 illo,
1108 1913 1240 1988 quanta
1255 1925 1332 1970 eum

382 2005 420 2068 iu
442 2006 536 2069 omni
552 2025 677 2088 genere
694 2006 904 2087 dignitatum
923 2025 1027 2088 opum
1050 2007 1259 2088 sequebatur
1274 2025 1333 2070 co·

382 2104 453 2187 pia,
468 2111 503 2168 et
524 2107 626 2187 quasi
645 2104 689 2169 ad
710 2124 850 2169 manum
873 2089 1058 2169 affluebat:
1083 2106 1252 2187 quantula
1272 2107 1333 2170 illa

383 2204 507 2286 gloria,
529 2203 617 2290 (qua
637 2205 719 2287 quid
744 2211 864 2287 posset
883 2204 1038 2269 accidere
1061 2203 1173 2287 majus
1185 2202 1219 2289 l)
1241 2206 1332 2287 quod

383 2302 471 2367 duos
488 2313 643 2386 nepoteS,
659 2323 731 2368 suae
745 2304 960 2368 educationis
977 2323 1096 2387 opera,
1116 2304 1270 2368 honestae
1293 2305 1335 2368 li-

385 2409 549 2468 teraturae
564 2411 600 2468 et
611 2403 791 2468 industriae
806 2404 912 2481 viros,
928 2403 1042 2467 effecit
1050 2403 1230 2486 episcopos
1244 2423 1252 2483 ;
1271 2424 1334 2468 nec

384 2521 467 2567 vero
482 2503 624 2566 exilium
642 2504 915 2587 episcopatuum,
931 2503 990 2566 sed
1008 2503 1281 2568 Lindocoliensis
1298 2511 1335 2569 et

385 2599 575 2679 Heliensis,
598 2604 724 2684 quibus
754 2603 987 2685 opulentiores
1011 2603 1127 2668 nescio
1149 2603 1180 2666 si
1208 2603 1333 2667 babeat

384 2698 525 2781 Anglia.
577 2700 757 2766 Sentiebat
775 2703 850 2784 ipse
868 2709 1035 2785 quantum
1056 2709 1187 2786 posset,
1206 2710 1251 2779 et,
1270 2703 1333 2766 ali-

382 2806 517 2882 quanto
538 2799 658 2864 durius
682 2820 785 2884 quam
812 2802 918 2866 talem
933 2802 1044 2867 virum
1066 2801 1214 2878 deceret,
1232 2802 1333 2866 Divi-

384 2898 503 2962 nitatis
528 2900 736 2964 abutebatur
761 2901 989 2982 indulgentia.
1050 2901 1223 2984 Denique,
1240 2902 1334 2966 sicut

384 3005 490 3082 poeta
506 2998 646 3081 quidam
662 2999 704 3065 dc
720 2994 888 3084 'quodam
902 2999 1009 3065 divite
1023 2999 1120 3077 dicit,

394 3153 396 3162 ·
436 3140 609 3226 ‘affluit’
624 3146 785 3226 aedificat,
799 3153 914 3211 mutat
927 3147 1100 3232 quadrata
1115 3148 1272 3214 rotundis
1283 3149 1304 3229 3’

385 3297 437 3361 ita
450 3295 623 3376 Rogerius
641 3295 799 3359 abbatias
812 3295 849 3358 in
866 3295 1116 3378 episcopatum,
1132 3315 1187 3359 res
1201 3289 1335 3379 episco-

384 3401 490 3478 patus
502 3396 540 3458 in
557 3395 744 3473 abbatiam,
758 3395 905 3459 alterare
921 3402 1066 3458 conatus
1080 3402 1144 3461 est.
1169 3394 1334 3460 Malmes-

385 3495 535 3559 biriense
571 3502 606 3558 et
634 3493 961 3571 Abbadesbiriense,
991 3495 1234 3577 antiquissima
1264 3515 1333 3560 coe-

385 3593 500 3669 nobia,
525 3591 712 3678 (quantum
735 3595 773 3657 in
796 3595 873 3678 ipso
896 3590 980 3677 suit)
1002 3593 1217 3678 episcopatui
1241 3595 1334 3660 dele-

381 3693 504 3776 gavit:
532 3692 833 3758 Scireburnensem
862 3693 1064 3777 prioratum,
1089 3695 1150 3777 qui
1173 3696 1334 3778 proprius

385 3800 439 3858 est
453 3793 607 3876 episcopi
621 3793 893 3872 Salesbiriensis,
910 3794 947 3856 in
969 3793 1144 3857 abbatiam
1166 3796 1333 3876 mutarit3

369 4013 531 4139 ram]
548 4020 599 4079 Ε”
616 4019 720 4069 ⁰mm⁰d
731 4034 758 4068 ω
770 4018 844 4070 S'D‘
905 4085 1018 4136 wora
1030 4121 1037 4136 .
1051 4121 1057 4136 .
1071 4123 1078 4136 .
1090 4089 1224 4154 maara]
1241 4090 1334 4144 norat.

382 4156 566 4278 qumm']
579 4160 629 4220 13.;
640 4158 762 4222 quolibet,
773 4157 802 4209 S.
810 4159 844 4209 D.
872 4159 953 4219 Epist.
966 4170 984 4208 1.
999 4159 1022 4208 1.
1036 4160 1092 4208 1⁰⁰.
