3148 4982
369 459 435 524 488
591 475 705 524 suern
729 476 856 524 arcun
880 474 1096 522 laccorum,
1168 459 1255 538 [nur.
1273 471 1323 518 ιν.

371 633 487 715 lepida
508 631 683 696 hilaritate
705 626 782 717 (¹ut
800 630 943 695 Persius
962 627 1029 714 ait)
1047 629 1215 692 ‘crimina
1236 628 1324 690 rasis
1367 618 1376 630 '

374 733 505 796 librans
531 733 568 794 in
588 731 791 808 antithetiS,'
816 730 936 794 ‘Non’
962 726 1088 814 (dixit)
1103 728 1324 810 ‘episcopum

378 832 586 895 Baiocarum
598 832 726 913 capieS,
738 830 798 893 sed
807 831 967 893 comitem
979 827 1115 892 Cantiae
1126 825 1326 890 custodies.'

379 929 569 993 Gaufridus
592 931 787 1012 episcopus,
802 949 881 992 cum
903 935 1040 1010 nepote,
1058 925 1268 990 Batboniam
1291 930 1327 988 et

379 1029 616 1092 Beroheleiam
638 1035 841 1109 partemque
862 1028 945 1108 pagi
967 1026 1149 1090 Wiltensis
1172 1025 1327 1106 depopu-

379 1128 469 1202 lans,
495 1127 676 1190 manubias
708 1126 801 1208 apud
826 1127 968 1189 Bristou
995 1125 1199 1188 collocabat.
1252 1123 1326 1186 Ro-

381 1226 498 1306 gerius
525 1226 568 1288 de
592 1225 715 1288 Monte
744 1223 939 1301 Gomerico‚
962 1225 1153 1286 exercitum
1184 1241 1285 1285 suum
1307 1240 1329 1283 a

381 1323 617 1387 scrobesbiria
635 1344 713 1386 oum
735 1323 958 1387 Walensibus
979 1323 1131 1398 mittens,
1158 1321 1329 1386 coloniam
1416 1402 1420 1405 ῃ

381 1422 658 1502 wigorniensem
681 1422 921 1502 praedabatur:
940 1422 1085 1504 jamque
1110 1420 1329 1501 Wigorniam

381 1519 528 1582 infestus
561 1521 761 1596 advenerat,
787 1539 864 1583 cum
889 1521 977 1601 regii
1005 1519 1132 1582 milites
1158 1517 1218 1599 qui
1242 1535 1330 1599 prae·

383 1618 582 1694 tendebant,
608 1618 688 1681 freti
711 1618 949 1682 benedictione
974 1617 1152 1682 Wulstani
1177 1615 1330 1699 episcopi

384 1717 440 1780 cui
455 1717 613 1780 custodia
628 1718 762 1780 castelli
777 1718 961 1781 commissa
980 1723 1067 1792 erat,
1084 1715 1187 1799 pauci
1203 1715 1331 1777 multos

384 1815 591 1897 effugarunt,
606 1815 831 1898 pluribusque
848 1816 974 1879 sauciis
984 1821 1019 1879 et
1035 1816 1147 1892 caesis,
1163 1812 1331 1896 quosdam

384 1915 615 1978 abduxerunt.
678 1914 855 1978 Praeterea
891 1914 1065 1996 Rogerius
1099 1914 1205 1995 Bigot
1239 1911 1332 1993 apud

387 2013 581 2090 Northwic,
605 2020 640 2076 et
669 2013 778 2096 Hugo
803 2014 845 2076 de
868 2013 1124 2077 Grentemesnil
1148 2012 1241 2095 apud
1264 2010 1331 2074 Le-

386 2120 591 2192 gecestram,
617 2111 689 2175 suis
714 2114 860 2195 quisque
885 2114 1042 2194 partibus
1065 2112 1206 2194 rapinas
1229 2129 1332 2191 urge-

385 2213 482 2275 bant.
536 2211 594 2274 lta
617 2211 699 2274 totis
725 2211 926 2276 defectionis
941 2212 1072 2275 viribus
1097 2211 1135 2274 in
1162 2230 1253 2286 eum,
1278 2209 1333 2272 cui

382 2330 449 2374 ¹nec
471 2309 654 2392 prudentia
676 2331 739 2374 nec
762 2311 902 2374 fortuna
924 2311 1054 2387 deerat,
1083 2311 1213 2374 frustra
1230 2307 1334 2392 saevi·

387 2409 520 2472 ebatur.
574 2408 735 2490 Namque
763 2411 833 2486 ille,
851 2411 972 2475 videns
997 2409 1220 2474 Normannos
1246 2427 1333 2491 pene

387 2527 506 2570 omnes
530 2508 567 2570 in
592 2526 662 2570 una
685 2508 780 2571 rabie
802 2510 1030 2592 conspiratos,
1050 2507 1187 2590 Anglos
1208 2509 1335 2590 probos

388 2613 423 2668 et
448 2605 555 2669 fortes
581 2605 688 2683 viros,
712 2607 772 2689 qui
804 2607 917 2672 adhuc
950 2609 1079 2672 residui
1109 2615 1221 2684 erant,
1244 2607 1335 2670 invi-

387 2705 524 2767 tatoriis
550 2705 688 2786 scriptis
714 2707 893 2786 accersiit3
925 2708 1051 2788 quibus
1076 2726 1181 2790 super
1199 2706 1336 2790 injuriis

388 2804 461 2866 suis
493 2804 742 2885 querimoniam
770 2805 913 2883 faciens,
945 2808 1125 2888 bonasque
1159 2806 1267 2887 legeS,
1301 2811 1337 2868 et
1408 2811 1413 2824 ‘

388 2902 595 2965 tributorum
612 2903 782 2980 levamen,
803 2905 997 2987 liberasque
1010 2905 1213 2970 venationes
1235 2903 1337 2987 polli-

388 2997 482 3076 cens,
513 3000 673 3065 fidelitati
696 3021 769 3066 suae
800 3004 977 3086 obligavit.
1032 3004 1108 3068 Nec
1134 3003 1259 3066 minori
1282 3021 1337 3066 as-

388 3100 478 3162 tutia
496 3099 686 3180 Rogerium
706 3100 749 3165 de
768 3101 890 3167 Monte
907 3103 1103 3179 Gomerico,
1126 3121 1243 3166 secum
1266 3103 1337 3166 dis·

388 3198 550 3262 simulata
574 3199 719 3282 perfidia
740 3203 965 3283 equitantem,
988 3202 1223 3266 circumvenit.
1276 3200 1337 3264 Se-

389 3316 505 3360 orsum
532 3298 622 3361 enim
657 3300 763 3363 ducto
788 3319 950 3382 magnam
983 3301 1130 3382 ingessit
1149 3300 1337 3376 invidiam;

389 3395 518 3472 dicens,
545 3396 710 3461 Libenter
733 3418 770 3462 se
795 3400 939 3481 imperio
961 3419 1151 3475 cessurum,
1174 3399 1203 3462 si
1228 3399 1280 3460 illi
1302 3405 1338 3461 et

389 3495 466 3556 aliis
483 3495 644 3558 videatur
660 3516 747 3577 quos
763 3505 862 3578 pater
877 3505 1009 3562 tutores
1021 3499 1218 3580 reliquerat.
1255 3497 1337 3561 Non

390 3611 428 3654 se
452 3593 644 3675 intelligere
670 3596 753 3677 quid
780 3597 831 3660 ita
854 3597 1010 3660 effraenes
1038 3598 1127 3661 sint:
1162 3598 1193 3659 si
1216 3596 1337 3672 velint,

389 3693 554 3773 pecunias
572 3695 745 3775 accipiant
761 3715 824 3776 pro
840 3697 959 3776 libit03
984 3696 1014 3760 si
1034 3701 1257 3778 augmentum
1277 3710 1339 3776 pa·

390 3790 640 3869 trimoniorum,
664 3793 783 3857 eodem
805 3796 930 3875 modo;
953 3814 1107 3877 prorsuS,
1125 3814 1203 3877 quae
1217 3793 1338 3869 velint,

390 3888 552 3953 habeant.
604 3891 756 3954 Tantum
772 3894 913 3958 videant
930 3914 974 3957 ne
983 3894 1153 3977 judicium
1172 3892 1338 3975 genitoris

390 3989 625 4069 periclitetur:
650 3993 742 4073 quod
762 3993 792 4055 si
813 3993 855 4056 de
876 4013 913 4057 se
935 3993 1136 4077 putaverint
1150 4010 1338 4074 aspernan-

601 4210 608 4241 ¹
625 4215 660 4262 Ut
672 4216 844 4279 Perstrepit]
862 4219 978 4282 Persius,
989 4218 1043 4267 Sat.
1055 4231 1074 4269 1.
1086 4221 1128 4266 85.
