3148 4982
208 500 365 582 maun]
429 517 543 565 cnara
567 516 693 565 aucun
718 516 934 566 suenorum
1093 502 1160 566 465

207 675 418 838 οἰοὲιιθηῖία,
438 674 501 737 tali
528 682 629 755 gestu
656 674 812 757 procedit
837 694 964 738 aureus
984 674 1094 757 lepos,
1118 693 1159 738 eo
1175 697 1301 797 mppr

209 794 265 838 mo
290 794 311 837 o

293 922 516 1005 ‘Purpureos
534 921 636 1011 flores
652 920 765 985 fundit
780 921 940 985 facundia
956 921 1077 986 dives.’

213 1071 458 1152 Berengarius,
474 1071 575 1153 plane
592 1071 751 1153 quamvis
767 1070 842 1152 ipse
864 1071 1072 1135 sententiam
1088 1091 1163 1136 cor-

213 1171 353 1249 rexerit,
369 1189 488 1235 omnes
506 1189 594 1253 quos
615 1190 660 1234 ex
681 1169 765 1234 totis
789 1170 890 1233 terris
913 1170 1165 1252 depravaverat

214 1278 414 1335 convertere
429 1271 604 1352 nequivit3
628 1269 713 1333 adeo
728 1271 914 1352 pessimum
930 1277 984 1333 est
999 1271 1086 1333 alios
1102 1291 1164 1334 ex·

215 1370 327 1451 amplo
346 1370 403 1435 vel
420 1370 525 1433 verbo
543 1370 673 1433 abono
695 1370 882 1445 infirmare,
903 1370 985 1452 quia
1007 1371 1165 1433 fortassis

215 1478 394 1552 peccatum
417 1476 452 1534 te
474 1470 636 1552 gravabit
651 1469 812 1545 alienum,
831 1488 909 1532 cum
924 1469 1074 1533 deletum
1090 1469 1164 1534 sue-

216 1570 261 1633 rit
284 1577 391 1633 tuum.
445 1567 549 1647 Quod
574 1569 772 1650 episcopum
797 1567 1045 1632 Carnotensem
1061 1563 1170 1633 ¹Fulm

216 1670 364 1748 bertum,
373 1688 474 1751 quem
489 1669 631 1733 Domini
645 1676 757 1732 mater
771 1668 887 1732 Maria
899 1668 980 1731 olim
996 1678 1165 1750 aegrotum

215 1769 306 1833 lacte
332 1768 595 1832 mammillarum
623 1787 763 1832 suarum
786 1769 863 1833 visa
892 1767 1006 1832 fuerat
1031 1789 1165 1847 sanare,

215 1869 419 1951 praedixisse
434 1868 551 1932 aiunt:
575 1887 655 1931 nam
675 1887 754 1931 cum
774 1869 811 1931 in
828 1869 992 1932 extremis
1014 1870 1166 1952 positum

218 1968 318 2032 multi
331 1968 525 2045 visitarent,
553 1976 588 2031 et
610 1968 735 2031 aedium
758 1968 934 2049 capacitas
949 1969 1011 2032 vix
1034 1969 1166 2034 confiu-

218 2068 355 2132 entibus
383 2066 566 2146 sufficeret,
592 2068 651 2131 ille
676 2068 768 2130 inter
798 2067 976 2149 oppositas
1007 2076 1166 2132 catervas

218 2168 319 2232 oculo
334 2168 438 2249 longe
452 2168 609 2243 rimatus,
619 2167 870 2248 Berengarium
885 2167 963 2230 nisu
976 2186 1045 2249 quo
1056 2167 1167 2232 valuit

219 2267 460 2349 expellendum
479 2269 626 2343 censuit,
652 2273 865 2349 protestatus
889 2267 1073 2330 immanem
1096 2268 1166 2332 dae-

219 2387 355 2431 monem
384 2376 526 2450 propter
554 2387 632 2431 eum
665 2367 865 2444 consistere,
895 2367 1091 2448 multosque
1123 2367 1168 2431 ad

220 2477 297 2530 eum
314 2467 525 2549 sequendum
546 2466 746 2532 blandiente
767 2486 871 2529 manu
894 2472 929 2529 et
951 2466 1043 2530 illice
1062 2467 1167 2532 anhe-

220 2567 286 2630 litu
309 2586 547 2650 corrumpere3
571 2567 655 2649 quin
678 2574 713 2630 et
733 2567 808 2648 ipse
825 2566 880 2629 die
896 2566 1168 2648 Epiphaniorum

221 2667 381 2745 moriem,
417 2667 617 2749 gemituque
647 2667 817 2748 producto
855 2666 1054 2731 recordatus
1084 2676 1169 2749 quot

221 2766 364 2831 miseros
377 2766 551 2848 quondam
574 2766 774 2830 adolescens
786 2766 900 2848 ,primo
913 2767 1039 2831 erroris
1055 2768 1169 2831 calore

223 2873 318 2929 secta
331 2885 397 2929 sua
410 2865 580 2943 infecerit,
596 2865 758 2943 ‘Hodie’
775 2866 900 2948 inquit,
917 2866 974 2928 ‘in
989 2866 1044 2930 die
1060 2886 1168 2950 appa·

221 2965 357 3029 ritionis
373 2984 446 3029 suar
466 2966 647 3049 apparebit
661 2965 745 3028 mihi
762 2965 932 3029 Dominus
953 2985 1049 3030 meus
1064 2967 1087 3030 J
1090 2987 1170 3031 esus

223 3063 395 3141 Christus,
409 3074 551 3148 propter
569 3065 823 3148 poenitentiam,
840 3073 880 3129 ut
897 3084 1010 3147 spero,
1029 3066 1073 3129 ad
1095 3067 1169 3148 glo-

223 3165 330 3244 riam;
354 3165 410 3229 vel
426 3172 568 3247 propter
583 3165 683 3242 alios,
697 3173 737 3227 ut
750 3166 867 3240 timeo,
883 3164 927 3226 ad
942 3165 1105 3246 poenam!

275 3263 384 3346 5286.
408 3263 485 3328 Nos
502 3283 587 3328 sane
604 3265 786 3340 credimus,
806 3270 886 3345 post
899 3262 1171 3328 benedictionem

221 3362 502 3440 ecclesiasticam,
529 3364 591 3427 illa
615 3363 781 3447 mysteria
804 3382 880 3426 esse
902 3382 1022 3426 verum
1046 3383 1172 3447 corpus

222 3469 258 3525 et
282 3464 487 3545 sanguinem
512 3462 725 3542 Salvatoris3
750 3461 890 3526 adducti
918 3470 953 3526 et
966 3464 1093 3527 veteris
1116 3484 1171 3528 ec-

223 3561 338 3625 clesiae
359 3563 578 3639 auctoritate,
596 3571 631 3627 et
646 3562 765 3626 multis
787 3562 924 3625 noviter
938 3563 1086 3626 ostensis
1108 3564 1172 3627 mi-

224 3662 363 3726 raculis.
418 3661 531 3741 Quale
547 3663 612 3726 fuit
628 3662 713 3725 illud
730 3662 821 3744 quod
840 3662 962 3725 beatus
981 3660 1172 3744 Gregorius

224 3760 382 3825 exhibuit
397 3762 530 3827 Romae.
585 3761 699 3841 Quale
713 3761 806 3843 quod
823 3760 1031 3825 Paschasius
1054 3770 1174 3826 narrat

224 3861 412 3942 contigisse
436 3860 676 3926 Alamanniae:
715 3862 953 3944 presbyterum
977 3860 1172 3943 Plegildum

223 3960 406 4024 visibiliter
430 3962 580 4045 speciem
601 3962 699 4044 pueri
724 3961 760 4024 in
788 3960 898 4025 altare
927 3967 1173 4039 contrectasse,

259 4231 433 4293 ¹Fulbertnm,
443 4248 513 4296 quem
524 4233 625 4282 Dmaini
636 4249 687 4282 ma-
711 4233 897 4283 mammillarum
913 4248 1012 4283 nurum
1029 4234 1176 4294 obusserat

222 4307 261 4352 ter
283 4303 368 4352 Maria
396 4303 453 4352 olim
479 4308 598 4365 agrotum
625 4305 687 4353 lacte
710 4296 819 4372 maura]
839 4301 981 4369 See§186,
996 4321 1041 4367 pp.
1050 4309 1108 4369 816,
1118 4309 1176 4358 alt.
