3104 4974
133 2757 134 2760 ¹
223 2737 315 2801 haud
330 2738 433 2802 dubie
454 2759 518 2803 rex
541 2740 789 2816 conclamatus
805 2737 860 2801 die
878 2737 1018 2803 Natalis
1034 2737 1175 2803 Domrm

226 479 381 559 mauu]
459 494 573 542 ousrn
597 493 725 540 ascum
750 493 962 541 suetonum.
1112 476 1178 542 421

228 658 359 715 sanctae
391 649 524 729 Crucis,
555 652 731 715 canonicis
760 651 976 735 impleverat.
1043 650 1177 714 Sensim

227 769 310 831 ergo
325 750 523 814 Willelmus
538 750 596 838 (ut
616 751 900 834 triumphatorem
922 747 1083 835 decebat)
1099 770 1176 814 cum

227 849 395 927 exercitu,
407 871 477 914 non
488 850 605 914 hostili
621 850 681 914 sed
698 850 808 932 regali
823 852 924 914 modo
939 849 1176 932 progrediens,

226 949 345 1012 urbem
358 949 456 1030 regni
472 951 659 1013 maximam
675 949 889 1014 Londoniam
903 949 1010 1031 petit3
1027 969 1177 1030 moxque

227 1067 302 1110 cum
326 1049 559 1130 gratulatione
583 1049 677 1112 cives
701 1068 818 1114 omnes
840 1049 939 1112 effusi
961 1049 1099 1112 obviam
1115 1069 1176 1113 va-

226 1146 324 1210 dunt.
381 1147 547 1231 Prorupit
574 1148 732 1212 omnibus
760 1149 870 1231 portis
897 1148 991 1210 unda
1020 1148 1176 1211 salutan-

227 1244 325 1323 tium,
340 1248 538 1318 auctoribus
560 1248 795 1328 magnatibus,
810 1248 984 1330 praecipue
1006 1247 1176 1328 Stigando

227 1346 484 1429 archiepiscopo
520 1345 763 1431 Cantuaricnsi
792 1353 827 1410 et
854 1345 1008 1410 Aldredo
1042 1346 1174 1410 Ebora-

168 1466 171 1472 ’
226 1444 339 1509 censi:
377 1466 457 1508 nam
483 1445 757 1528 praecedentibus
784 1446 915 1522 diebus,
947 1446 1112 1509 Edwinus
1140 1455 1175 1508 et

226 1543 444 1622 MorcarduS,
458 1546 583 1628 amplae
602 1545 676 1628 spei
695 1545 832 1622 fratres,
848 1545 941 1628 apud
959 1544 1175 1609 Londoniam

226 1645 344 1708 audito
366 1645 525 1708 interitus
542 1645 693 1708 Haroldi
714 1646 852 1721 nuncio,
870 1647 1020 1708 urbanos
1046 1644 1183 1712 sollici.

225 1749 386 1808 taverunt
408 1751 447 1808 ut
477 1746 680 1808 alterutrum
705 1744 741 1808 in
763 1763 907 1826 regnum
930 1744 1174 1823 sublevarent;

225 1843 317 1925 quod
341 1842 472 1908 frustra
496 1829 625 1921 conati,
642 1843 984 1908 Northanhimbriam
1008 1843 1176 1907 discesse-

226 1950 316 2020 rant,
330 1963 374 2006 ex
392 1963 455 2008 suo
478 1944 714 2027 conjectantes
734 1943 874 2025 ingenio
896 1961 1072 2025 nunquam
1093 1943 1176 2007 illuc

225 2041 440 2107 Willelmum
478 2062 554 2107 esse
589 2049 785 2106 venturum.
853 2041 980 2106 Caeteri
1016 2061 1177 2123 proceres

226 2141 403 2223 Edgarum
424 2143 591 2225 eligerent
608 2142 638 2206 si
662 2142 842 2224 episcopos
858 2148 1047 2204 assertores
1070 2141 1175 2204 habe-

226 2247 301 2304 rent
314 2263 323 2321 ;
341 2241 402 2305 sed
416 2243 575 2324 proximo
588 2248 734 2323 urgente
748 2241 913 2323 periculo,
928 2247 964 2304 et
976 2239 1174 2304 domesticae

199 2339 297 2414 ,litis
327 2341 481 2418 dissidio,
514 2361 577 2404 nec
606 2340 693 2405 illud
725 2334 879 2423 ¹quidem
911 2339 1090 2403 effectum:
1123 2341 1174 2404 ita

225 2437 344 2521 Angli,
360 2441 432 2522 qui,
454 2442 490 2504 in
514 2459 620 2504 unam
646 2447 809 2504 coeuntes
831 2440 1050 2515 sententiam,
1071 2446 1174 2521 potu-

223 2539 333 2603 issent
353 2541 476 2622 patriae
498 2539 685 2604 reformare
706 2539 853 2615 ruinam,
869 2540 950 2602 dum
972 2538 1105 2601 nullum
1127 2559 1173 2602 ex

224 2639 296 2703 suis
325 2639 460 2717 volunt,
497 2641 647 2704 alienum
680 2639 901 2703 induxerunt.
970 2637 1069 2700 Tunc
1103 2638 1173 2716 ille,
1185 2655 1329 2748 {aggeum

146 2899 147 2902 ,
221 2830 426 2902 ²coronatus
441 2846 495 2903 est
511 2841 555 2902 ab'
565 2837 719 2902 Aldredo
732 2837 1011 2921 archiepiscop03
1028 2839 1175 2902 cavebat

223 2937 312 3000 enim
336 2938 372 3001 id
394 2957 521 3002 munus
536 2958 558 3002 a
572 2938 742 3019 Stigando
764 2939 953 3021 suscipere,
968 2936 1061 3020 quod
1083 2944 1175 3001 esset

223 3037 254 3100 is
271 3037 549 3121 archiepiscopus
565 3057 635 3101 non
652 3037 815 3119 legitime.

301 3225 431 3274 SUMMA
454 3228 649 3276 BELLORUM
674 3227 860 3276 WILLELMI
884 3227 923 3273 ΙΝ
946 3226 1095 3274 ANGLIA.

276 3334 391 3417 §ata
421 3336 583 3400 Omnium
610 3335 733 3400 deinde
758 3334 926 3399 bellorum
951 3353 1030 3415 quae
1055 3331 1175 3415 gessit,
1186 3352 1238 3442 {13⁴
1236 3351 1324 3451 {affl

223 3431 298 3496 hacc
321 3454 454 3499 summa
477 3443 544 3500 est.
596 3435 727 3500 Urbem
743 3427 929 3498 ³Exoniam
951 3432 1175 3497 rebellantem
1187 3453 1243 3494 nn.
1254 3453 1310 3494 ner.

260 3646 689 3719 ¹ouiuem.]A.S.c.D.EaL.;
714 3652 772 3702 MS.
795 3653 860 3701 used
889 3653 924 3713 by
949 3650 1043 3713 Savile,
1071 3650 1106 3699 all
1133 3650 1176 3700 the

224 3722 432 3772 omittedinEl.
714 3719 1177 3783 MSSaagreeinreadingExom'om:
1235 3718 1240 3729 '

260 3788 426 3840 'commus
447 3792 506 3855 ert]
534 3793 559 3841 Α
575 3791 623 3840 full
646 3805 689 3840 ac·
713 3792 759 3840 but
769 3791 895 3840 Matthew
906 3791 991 3852 Paris,
1002 3790 1060 3839 who
1071 3789 1118 3838 has
1129 3789 1176 3838 lol-

190 3879 193 3886 Δ
224 3866 301 3910 count
327 3861 357 3909 of
380 3862 516 3910 William’s
543 3861 688 3910 coronation
712 3861 796 3910 lowed
824 3861 1009 3921 Malmesbury,
1040 3873 1121 3908 seems
1148 3864 1175 3908 to

223 3931 279 3979 will
295 3932 327 3979 be
345 3930 424 3980 found
446 3932 472 3979 in
490 3931 533 3979 the
553 3931 688 3982 Ghronicle
712 3930 777 3979 have
793 3931 894 3981 written
911 3929 1010 3980 Oxford
1032 3928 1131 3978 instead
1150 3928 1180 3977 ol

223 3999 253 4048 os
260 4001 372 4049 William
389 4000 418 4048 of
435 4001 553 4062 Poictou,
567 4001 610 4050 the
622 4001 689 4050 Con-
713 4001 822 4060 Exoter3
838 4001 881 4050 the
898 4000 954 4048 best
970 3998 1045 4049 MSS.
1064 3998 1094 4046 ol
1105 3998 1176 4046 Mat·

222 4071 334 4131 queror’s
345 4069 465 4131 chaplain
482 4068 521 4135 (p.
533 4067 604 4133 205).
712 4069 781 4118 thew
792 4071 869 4118 Paris
880 4068 949 4135 (MS.
961 4067 1026 4130 Reg.
1038 4071 1080 4130 14,
1088 4067 1118 4118 C.
1126 4079 1175 4118 vu.

257 4137 268 4170 ³
279 4140 425 4203 Exortum]
437 4139 471 4190 A.
481 4141 510 4189 C.
523 4141 558 4190 D.
571 4141 604 4190 E.
615 4156 623 4202 ;
633 4139 689 4188 Ox·
713 4138 763 4188 and
775 4139 832 4189 MS.
842 4139 909 4188 Cott.
920 4139 999 4200 Nero,
1010 4138 1046 4187 D.
1054 4134 1091 4202 r.)
1103 4137 1178 4186 read·

222 4210 315 4272 oniam,
333 4205 425 4260 saa-It
443 4210 499 4258 will
514 4210 546 4258 be
565 4209 688 4259 observed
713 4210 757 4271 ing
771 4208 901 4259 oxoniam.
938 4209 1014 4269 Upon
1031 4222 1047 4256 a
1066 4221 1175 4270 passage

220 4279 285 4342 that,
302 4279 365 4328 with
384 4279 428 4330 the
451 4280 585 4342 exception
603 4280 632 4329 ol
645 4279 688 4329 the
713 4279 739 4328 in
750 4279 793 4328 the
804 4278 1178 4340 DomesdeySurvcydcscrib-

965 4353 1025 4418 2r
