<?xml version="1.0" encoding="UTF-8"?>
<!DOCTYPE html PUBLIC "-//W3C//DTD XHTML 1.0 Transitional//EN"
    "http://www.w3.org/TR/xhtml1/DTD/xhtml1-transitional.dtd">
<html xmlns="http://www.w3.org/1999/xhtml" xml:lang="en" lang="en">
 <head>
  <title>
</title>
<meta http-equiv="Content-Type" content="text/html;charset=utf-8" />
  <meta name='ocr-system' content='tesseract 3.04.00' />
  <meta name='ocr-capabilities' content='ocr_page ocr_carea ocr_par ocr_line ocrx_word'/>
</head>
<body>
  <div class='ocr_page' id='page_1' title='image "./willelmimalmesb00hardgoog_0240.png"; bbox 0 0 3140 4974; ppageno 0'>
   <div class='ocr_carea' id='block_1_1' title="bbox 252 685 404 826">
    <p class='ocr_par' dir='ltr' id='par_1_1' title="bbox 252 685 404 826">
     <span class='ocr_line' id='line_1_1' title="bbox 252 685 348 726; baseline 0.01 -1"><span class='ocrx_word' id='word_1_1' title='bbox 252 685 348 726; x_wconf 72' lang='lat' dir='ltr'>Baldwtn</span> 
     </span>
     <span class='ocr_line' id='line_1_2' title="bbox 253 737 404 784; baseline 0.02 -10"><span class='ocrx_word' id='word_1_2' title='bbox 253 737 307 784; x_wconf 70' lang='lat' dir='ltr'>king</span> <span class='ocrx_word' id='word_1_3' title='bbox 315 737 404 777; x_wconf 68' lang='lat' dir='ltr'>olioru-</span> 
     </span>
     <span class='ocr_line' id='line_1_3' title="bbox 253 787 327 826; baseline 0 0"><span class='ocrx_word' id='word_1_4' title='bbox 253 787 327 826; x_wconf 75' lang='lat' dir='ltr'>ulem.</span> 
     </span>
    </p>
   </div>
   <div class='ocr_carea' id='block_1_2' title="bbox 416 491 1366 571">
    <p class='ocr_par' dir='ltr' id='par_1_2' title="bbox 416 491 1366 571">
     <span class='ocr_line' id='line_1_4' title="bbox 416 491 1366 571; baseline -0.004 -15"><span class='ocrx_word' id='word_1_5' title='bbox 416 492 483 556; x_wconf 81' lang='grc'>594</span> <span class='ocrx_word' id='word_1_6' title='bbox 636 507 750 554; x_wconf 79' lang='lat' dir='ltr'>casm</span> <span class='ocrx_word' id='word_1_7' title='bbox 774 507 901 555; x_wconf 83' lang='lat' dir='ltr'>ancon</span> <span class='ocrx_word' id='word_1_8' title='bbox 925 504 1141 554; x_wconf 74' lang='lat' dir='ltr'>suenorum,</span> <span class='ocrx_word' id='word_1_9' title='bbox 1212 491 1300 571; x_wconf 67' lang='grc' dir='ltr'><strong>[ΜΒ.</strong></span> <span class='ocrx_word' id='word_1_10' title='bbox 1316 505 1366 552; x_wconf 90' lang='lat' dir='ltr'>1v.</span> 
     </span>
    </p>
   </div>
   <div class='ocr_carea' id='block_1_3' title="bbox 415 657 1446 1056">
    <p class='ocr_par' dir='ltr' id='par_1_3' title="bbox 415 657 1446 1056">
     <span class='ocr_line' id='line_1_5' title="bbox 417 657 1363 746; baseline -0.004 -16"><span class='ocrx_word' id='word_1_11' title='bbox 417 665 512 730; x_wconf 82' lang='lat' dir='ltr'><strong>entia</strong></span> <span class='ocrx_word' id='word_1_12' title='bbox 526 664 687 739; x_wconf 86' lang='lat' dir='ltr'>fremens,</span> <span class='ocrx_word' id='word_1_13' title='bbox 701 664 784 746; x_wconf 93' lang='lat' dir='ltr'>quid</span> <span class='ocrx_word' id='word_1_14' title='bbox 799 663 929 728; x_wconf 86' lang='lat' dir='ltr'>faceret</span> <span class='ocrx_word' id='word_1_15' title='bbox 946 657 1151 726; x_wconf 86' lang='lat' dir='ltr'>haesitabat:</span> <span class='ocrx_word' id='word_1_16' title='bbox 1169 661 1200 724; x_wconf 89' lang='lat' dir='ltr'>si</span> <span class='ocrx_word' id='word_1_17' title='bbox 1214 663 1363 740; x_wconf 87' lang='lat' dir='ltr'>cederet,</span> 
     </span>
     <span class='ocr_line' id='line_1_6' title="bbox 416 761 1446 849; baseline -0.003 -21"><span class='ocrx_word' id='word_1_18' title='bbox 416 765 604 849; x_wconf 80' lang='lat' dir='ltr'>praeteritae</span> <span class='ocrx_word' id='word_1_19' title='bbox 626 764 746 845; x_wconf 86' lang='lat' dir='ltr'>gloriae</span> <span class='ocrx_word' id='word_1_20' title='bbox 768 763 1013 845; x_wconf 66' lang='lat' dir='ltr'>ignominiam</span> <span class='ocrx_word' id='word_1_21' title='bbox 1037 761 1068 824; x_wconf 90' lang='lat' dir='ltr'>si</span> <span class='ocrx_word' id='word_1_22' title='bbox 1082 767 1267 844; x_wconf 83' lang='lat' dir='ltr'>pugnaret,</span> <span class='ocrx_word' id='word_1_23' title='bbox 1281 780 1363 826; x_wconf 93' lang='lat' dir='ltr'>suo·</span> <span class='ocrx_word' id='word_1_24' title='bbox 1442 807 1446 814; x_wconf 86' lang='lat'>-</span> 
     </span>
     <span class='ocr_line' id='line_1_7' title="bbox 415 861 1364 928; baseline -0.003 0"><span class='ocrx_word' id='word_1_25' title='bbox 415 885 493 928; x_wconf 90' lang='lat' dir='ltr'>rum</span> <span class='ocrx_word' id='word_1_26' title='bbox 509 871 637 928; x_wconf 88' lang='lat' dir='ltr'>mortes</span> <span class='ocrx_word' id='word_1_27' title='bbox 652 862 768 928; x_wconf 88' lang='lat' dir='ltr'>animo</span> <span class='ocrx_word' id='word_1_28' title='bbox 782 863 976 927; x_wconf 88' lang='lat' dir='ltr'>volutabat.</span> <span class='ocrx_word' id='word_1_29' title='bbox 1027 861 1266 927; x_wconf 79' lang='lat' dir='ltr'>Veruntamen</span> <span class='ocrx_word' id='word_1_30' title='bbox 1279 862 1364 925; x_wconf 89' lang='lat' dir='ltr'>vicit</span> 
     </span>
     <span class='ocr_line' id='line_1_8' title="bbox 415 960 1361 1056; baseline -0.006 -27"><span class='ocrx_word' id='word_1_31' title='bbox 415 965 511 1029; x_wconf 88' lang='lat' dir='ltr'>calor</span> <span class='ocrx_word' id='word_1_32' title='bbox 531 964 718 1045; x_wconf 86' lang='lat' dir='ltr'>ingenitus,</span> <span class='ocrx_word' id='word_1_33' title='bbox 738 970 774 1028; x_wconf 89' lang='lat' dir='ltr'>et</span> <span class='ocrx_word' id='word_1_34' title='bbox 787 970 887 1045; x_wconf 85' lang='lat' dir='ltr'>terga</span> <span class='ocrx_word' id='word_1_35' title='bbox 898 963 974 1056; x_wconf 78' lang='lat' dir='ltr'>jam</span> <span class='ocrx_word' id='word_1_36' title='bbox 997 960 1104 1024; x_wconf 92' lang='lat' dir='ltr'>dabat</span> <span class='ocrx_word' id='word_1_37' title='bbox 1129 967 1255 1037; x_wconf 89' lang='lat' dir='ltr'>metus,</span> <span class='ocrx_word' id='word_1_38' title='bbox 1271 980 1361 1038; x_wconf 90' lang='lat' dir='ltr'>cum,</span> 
     </span>
    </p>
   </div>
   <div class='ocr_carea' id='block_1_4' title="bbox 410 1061 1363 3929">
    <p class='ocr_par' dir='ltr' id='par_1_4' title="bbox 410 1061 1363 3929">
     <span class='ocr_line' id='line_1_9' title="bbox 415 1061 1362 1142; baseline -0.005 -13"><span class='ocrx_word' id='word_1_39' title='bbox 415 1063 687 1129; x_wconf 82' lang='lat' dir='ltr'>commilitonum</span> <span class='ocrx_word' id='word_1_40' title='bbox 709 1062 903 1126; x_wconf 83' lang='lat' dir='ltr'>hortatibus</span> <span class='ocrx_word' id='word_1_41' title='bbox 926 1062 1099 1126; x_wconf 82' lang='lat' dir='ltr'>animatus</span> <span class='ocrx_word' id='word_1_42' title='bbox 1120 1067 1161 1123; x_wconf 91' lang='lat' dir='ltr'>ut</span> <span class='ocrx_word' id='word_1_43' title='bbox 1185 1061 1304 1142; x_wconf 81' lang='lat' dir='ltr'>fugam</span> <span class='ocrx_word' id='word_1_44' title='bbox 1325 1062 1362 1124; x_wconf 90' lang='lat' dir='ltr'>in</span> 
     </span>
     <span class='ocr_line' id='line_1_10' title="bbox 415 1161 1359 1246; baseline -0.005 -18"><span class='ocrx_word' id='word_1_45' title='bbox 415 1164 596 1228; x_wconf 85' lang='lat' dir='ltr'>castellum</span> <span class='ocrx_word' id='word_1_46' title='bbox 610 1183 672 1246; x_wconf 90' lang='lat' dir='ltr'>per</span> <span class='ocrx_word' id='word_1_47' title='bbox 686 1162 816 1226; x_wconf 87' lang='lat' dir='ltr'>medios</span> <span class='ocrx_word' id='word_1_48' title='bbox 831 1162 949 1226; x_wconf 87' lang='lat' dir='ltr'>hostes</span> <span class='ocrx_word' id='word_1_49' title='bbox 963 1161 1168 1237; x_wconf 76' lang='lat' dir='ltr'>intenderet,</span> <span class='ocrx_word' id='word_1_50' title='bbox 1178 1161 1359 1242; x_wconf 83' lang='lat' dir='ltr'>acquievit</span> 
     </span>
     <span class='ocr_line' id='line_1_11' title="bbox 416 1260 1363 1341; baseline -0.006 -13"><span class='ocrx_word' id='word_1_51' title='bbox 416 1263 555 1340; x_wconf 83' lang='lat' dir='ltr'>Caeteri,</span> <span class='ocrx_word' id='word_1_52' title='bbox 580 1282 658 1326; x_wconf 90' lang='lat' dir='ltr'>cum</span> <span class='ocrx_word' id='word_1_53' title='bbox 679 1263 829 1326; x_wconf 88' lang='lat' dir='ltr'>clamore</span> <span class='ocrx_word' id='word_1_54' title='bbox 853 1261 975 1337; x_wconf 88' lang='lat' dir='ltr'>secuti,</span> <span class='ocrx_word' id='word_1_55' title='bbox 998 1260 1219 1324; x_wconf 88' lang='lat' dir='ltr'>densissimas</span> <span class='ocrx_word' id='word_1_56' title='bbox 1244 1279 1363 1341; x_wconf 86' lang='lat' dir='ltr'>perru-</span> 
     </span>
     <span class='ocr_line' id='line_1_12' title="bbox 415 1360 1360 1445; baseline -0.003 -19"><span class='ocrx_word' id='word_1_57' title='bbox 415 1370 542 1445; x_wconf 88' lang='lat' dir='ltr'>perunt</span> <span class='ocrx_word' id='word_1_58' title='bbox 569 1363 674 1438; x_wconf 88' lang='lat' dir='ltr'>acies,</span> <span class='ocrx_word' id='word_1_59' title='bbox 689 1363 821 1425; x_wconf 84' lang='lat' dir='ltr'>animas</span> <span class='ocrx_word' id='word_1_60' title='bbox 841 1380 923 1424; x_wconf 86' lang='lat' dir='ltr'>suas</span> <span class='ocrx_word' id='word_1_61' title='bbox 947 1360 1024 1424; x_wconf 92' lang='lat' dir='ltr'>Deo</span> <span class='ocrx_word' id='word_1_62' title='bbox 1050 1366 1304 1437; x_wconf 67' lang='lat' dir='ltr'>consecrantes</span> <span class='ocrx_word' id='word_1_63' title='bbox 1325 1367 1360 1424; x_wconf 90' lang='lat' dir='ltr'>et</span> 
     </span>
     <span class='ocr_line' id='line_1_13' title="bbox 415 1458 1358 1544; baseline -0.003 -19"><span class='ocrx_word' id='word_1_64' title='bbox 415 1469 544 1526; x_wconf 89' lang='lat' dir='ltr'>mortes</span> <span class='ocrx_word' id='word_1_65' title='bbox 555 1462 701 1544; x_wconf 84' lang='lat' dir='ltr'>impigre</span> <span class='ocrx_word' id='word_1_66' title='bbox 714 1461 800 1540; x_wconf 89' lang='lat' dir='ltr'>ulti;</span> <span class='ocrx_word' id='word_1_67' title='bbox 812 1461 955 1524; x_wconf 87' lang='lat' dir='ltr'>comites</span> <span class='ocrx_word' id='word_1_68' title='bbox 971 1478 1121 1542; x_wconf 91' lang='lat' dir='ltr'>quoque,</span> <span class='ocrx_word' id='word_1_69' title='bbox 1131 1458 1285 1523; x_wconf 87' lang='lat' dir='ltr'>feriendo</span> <span class='ocrx_word' id='word_1_70' title='bbox 1302 1459 1358 1522; x_wconf 88' lang='lat' dir='ltr'>de-</span> 
     </span>
     <span class='ocr_line' id='line_1_14' title="bbox 414 1559 1360 1642; baseline -0.002 -18"><span class='ocrx_word' id='word_1_71' title='bbox 414 1561 552 1642; x_wconf 83' lang='lat' dir='ltr'>fatigati</span> <span class='ocrx_word' id='word_1_72' title='bbox 567 1561 653 1624; x_wconf 89' lang='lat' dir='ltr'>adeo</span> <span class='ocrx_word' id='word_1_73' title='bbox 668 1568 708 1625; x_wconf 89' lang='lat' dir='ltr'>ut</span> <span class='ocrx_word' id='word_1_74' title='bbox 723 1579 846 1624; x_wconf 85' lang='lat' dir='ltr'>manus</span> <span class='ocrx_word' id='word_1_75' title='bbox 860 1559 985 1641; x_wconf 83' lang='lat' dir='ltr'>gladiis</span> <span class='ocrx_word' id='word_1_76' title='bbox 1000 1559 1266 1640; x_wconf 83' lang='lat' dir='ltr'>obrigescerent,</span> <span class='ocrx_word' id='word_1_77' title='bbox 1284 1559 1360 1622; x_wconf 89' lang='lat' dir='ltr'>neci</span> 
     </span>
     <span class='ocr_line' id='line_1_15' title="bbox 415 1657 1359 1740; baseline -0.004 -16"><span class='ocrx_word' id='word_1_78' title='bbox 415 1661 682 1724; x_wconf 88' lang='lat' dir='ltr'>succubuerunt.</span> <span class='ocrx_word' id='word_1_79' title='bbox 735 1660 828 1737; x_wconf 84' lang='lat' dir='ltr'>Rex,</span> <span class='ocrx_word' id='word_1_80' title='bbox 838 1659 875 1722; x_wconf 94' lang='lat' dir='ltr'>in</span> <span class='ocrx_word' id='word_1_81' title='bbox 891 1678 1005 1723; x_wconf 87' lang='lat' dir='ltr'>arcem</span> <span class='ocrx_word' id='word_1_82' title='bbox 1021 1658 1152 1740; x_wconf 87' lang='lat' dir='ltr'>lapsus,</span> <span class='ocrx_word' id='word_1_83' title='bbox 1169 1677 1213 1720; x_wconf 90' lang='lat' dir='ltr'>ex</span> <span class='ocrx_word' id='word_1_84' title='bbox 1231 1657 1359 1721; x_wconf 88' lang='lat' dir='ltr'>ducen-</span> 
     </span>
     <span class='ocr_line' id='line_1_16' title="bbox 413 1757 1359 1842; baseline -0.003 -19"><span class='ocrx_word' id='word_1_85' title='bbox 413 1761 460 1823; x_wconf 86' lang='lat' dir='ltr'>tis</span> <span class='ocrx_word' id='word_1_86' title='bbox 472 1778 561 1842; x_wconf 88' lang='lat' dir='ltr'>quos</span> <span class='ocrx_word' id='word_1_87' title='bbox 577 1759 726 1823; x_wconf 80' lang='lat' dir='ltr'>duxerat</span> <span class='ocrx_word' id='word_1_88' title='bbox 740 1759 937 1841; x_wconf 85' lang='lat' dir='ltr'>aliquantos</span> <span class='ocrx_word' id='word_1_89' title='bbox 953 1757 1065 1822; x_wconf 86' lang='lat' dir='ltr'>socios</span> <span class='ocrx_word' id='word_1_90' title='bbox 1078 1757 1218 1836; x_wconf 91' lang='lat' dir='ltr'>habuit;</span> <span class='ocrx_word' id='word_1_91' title='bbox 1235 1759 1359 1840; x_wconf 92' lang='lat' dir='ltr'>quibus</span> 
     </span>
     <span class='ocr_line' id='line_1_17' title="bbox 413 1853 1358 1940; baseline -0.005 -16"><span class='ocrx_word' id='word_1_92' title='bbox 413 1859 594 1924; x_wconf 88' lang='lat' dir='ltr'>orantibus</span> <span class='ocrx_word' id='word_1_93' title='bbox 618 1866 658 1922; x_wconf 93' lang='lat' dir='ltr'>ut</span> <span class='ocrx_word' id='word_1_94' title='bbox 681 1853 789 1924; x_wconf 83' lang='lat' dir='ltr'>vitam</span> <span class='ocrx_word' id='word_1_95' title='bbox 816 1859 1019 1940; x_wconf 85' lang='lat' dir='ltr'>dignaretur</span> <span class='ocrx_word' id='word_1_96' title='bbox 1043 1856 1207 1938; x_wconf 82' lang='lat' dir='ltr'>fugiendo</span> <span class='ocrx_word' id='word_1_97' title='bbox 1231 1856 1358 1938; x_wconf 91' lang='lat' dir='ltr'>produ-</span> 
     </span>
     <span class='ocr_line' id='line_1_18' title="bbox 413 1957 1359 2041; baseline -0.006 -18"><span class='ocrx_word' id='word_1_98' title='bbox 413 1979 503 2037; x_wconf 88' lang='lat' dir='ltr'>cere,</span> <span class='ocrx_word' id='word_1_99' title='bbox 521 1977 586 2022; x_wconf 90' lang='lat' dir='ltr'>sua</span> <span class='ocrx_word' id='word_1_100' title='bbox 597 1959 751 2041; x_wconf 87' lang='lat' dir='ltr'>pericula</span> <span class='ocrx_word' id='word_1_101' title='bbox 766 1958 894 2022; x_wconf 91' lang='lat' dir='ltr'>mundo</span> <span class='ocrx_word' id='word_1_102' title='bbox 914 1958 1013 2040; x_wconf 84' lang='lat' dir='ltr'>parvi</span> <span class='ocrx_word' id='word_1_103' title='bbox 1028 1957 1191 2039; x_wconf 87' lang='lat' dir='ltr'>ponderis</span> <span class='ocrx_word' id='word_1_104' title='bbox 1213 1975 1301 2032; x_wconf 89' lang='lat' dir='ltr'>esse,</span> <span class='ocrx_word' id='word_1_105' title='bbox 1317 1957 1359 2018; x_wconf 94' lang='lat' dir='ltr'>il-</span> 
     </span>
     <span class='ocr_line' id='line_1_19' title="bbox 413 2055 1358 2140; baseline -0.003 -19"><span class='ocrx_word' id='word_1_106' title='bbox 413 2059 481 2123; x_wconf 91' lang='lat' dir='ltr'>lius</span> <span class='ocrx_word' id='word_1_107' title='bbox 495 2059 602 2123; x_wconf 86' lang='lat' dir='ltr'>vitam</span> <span class='ocrx_word' id='word_1_108' title='bbox 617 2058 661 2121; x_wconf 85' lang='lat' dir='ltr'>ad</span> <span class='ocrx_word' id='word_1_109' title='bbox 682 2058 868 2122; x_wconf 89' lang='lat' dir='ltr'>multorum</span> <span class='ocrx_word' id='word_1_110' title='bbox 885 2057 1077 2140; x_wconf 88' lang='lat' dir='ltr'>profectum</span> <span class='ocrx_word' id='word_1_111' title='bbox 1092 2055 1221 2133; x_wconf 86' lang='lat' dir='ltr'>valere,</span> <span class='ocrx_word' id='word_1_112' title='bbox 1237 2061 1358 2136; x_wconf 87' lang='lat' dir='ltr'>utpote</span> 
     </span>
     <span class='ocr_line' id='line_1_20' title="bbox 414 2155 1359 2240; baseline -0.003 -18"><span class='ocrx_word' id='word_1_113' title='bbox 414 2159 474 2240; x_wconf 90' lang='lat' dir='ltr'>qui</span> <span class='ocrx_word' id='word_1_114' title='bbox 489 2158 583 2223; x_wconf 90' lang='lat' dir='ltr'>omni</span> <span class='ocrx_word' id='word_1_115' title='bbox 595 2158 712 2222; x_wconf 90' lang='lat' dir='ltr'>seculo</span> <span class='ocrx_word' id='word_1_116' title='bbox 726 2157 772 2220; x_wconf 93' lang='lat' dir='ltr'>sit</span> <span class='ocrx_word' id='word_1_117' title='bbox 786 2158 924 2221; x_wconf 84' lang='lat' dir='ltr'>virtutis</span> <span class='ocrx_word' id='word_1_118' title='bbox 938 2155 1186 2238; x_wconf 86' lang='lat' dir='ltr'>spectaculum,</span> <span class='ocrx_word' id='word_1_119' title='bbox 1202 2156 1359 2237; x_wconf 88' lang='lat' dir='ltr'>quamvis</span> 
     </span>
     <span class='ocr_line' id='line_1_21' title="bbox 413 2254 1358 2338; baseline -0.005 -17"><span class='ocrx_word' id='word_1_120' title='bbox 413 2258 450 2321; x_wconf 91' lang='lat' dir='ltr'>in</span> <span class='ocrx_word' id='word_1_121' title='bbox 463 2258 582 2322; x_wconf 86' lang='lat' dir='ltr'>fractis</span> <span class='ocrx_word' id='word_1_122' title='bbox 598 2259 700 2321; x_wconf 90' lang='lat' dir='ltr'>rebus</span> <span class='ocrx_word' id='word_1_123' title='bbox 721 2258 856 2338; x_wconf 87' lang='lat' dir='ltr'>ingenti</span> <span class='ocrx_word' id='word_1_124' title='bbox 871 2256 976 2319; x_wconf 89' lang='lat' dir='ltr'>animi</span> <span class='ocrx_word' id='word_1_125' title='bbox 992 2254 1200 2330; x_wconf 86' lang='lat' dir='ltr'>constantia,</span> <span class='ocrx_word' id='word_1_126' title='bbox 1215 2254 1358 2336; x_wconf 87' lang='lat' dir='ltr'>dignum</span> 
     </span>
     <span class='ocr_line' id='line_1_22' title="bbox 414 2353 1360 2439; baseline -0.004 -19"><span class='ocrx_word' id='word_1_127' title='bbox 414 2375 453 2420; x_wconf 87' lang='lat' dir='ltr'>se</span> <span class='ocrx_word' id='word_1_128' title='bbox 468 2357 614 2421; x_wconf 88' lang='lat' dir='ltr'>credidit</span> <span class='ocrx_word' id='word_1_129' title='bbox 628 2357 714 2421; x_wconf 83' lang='lat' dir='ltr'>vita.</span> <span class='ocrx_word' id='word_1_130' title='bbox 762 2356 888 2439; x_wconf 89' lang='lat' dir='ltr'>Itaque</span> <span class='ocrx_word' id='word_1_131' title='bbox 904 2355 1057 2438; x_wconf 90' lang='lat' dir='ltr'>quinque</span> <span class='ocrx_word' id='word_1_132' title='bbox 1070 2353 1237 2417; x_wconf 84' lang='lat' dir='ltr'>militibus</span> <span class='ocrx_word' id='word_1_133' title='bbox 1254 2355 1360 2417; x_wconf 90' lang='lat' dir='ltr'>comi-</span> 
     </span>
     <span class='ocr_line' id='line_1_23' title="bbox 413 2453 1359 2539; baseline -0.005 -19"><span class='ocrx_word' id='word_1_134' title='bbox 413 2462 521 2533; x_wconf 88' lang='lat' dir='ltr'>tatus,</span> <span class='ocrx_word' id='word_1_135' title='bbox 548 2456 585 2518; x_wconf 93' lang='lat' dir='ltr'>in</span> <span class='ocrx_word' id='word_1_136' title='bbox 614 2463 780 2520; x_wconf 86' lang='lat' dir='ltr'>montana</span> <span class='ocrx_word' id='word_1_137' title='bbox 811 2454 975 2539; x_wconf 89' lang='lat' dir='ltr'>rependo,</span> <span class='ocrx_word' id='word_1_138' title='bbox 1011 2453 1214 2517; x_wconf 89' lang='lat' dir='ltr'>insidiantes</span> <span class='ocrx_word' id='word_1_139' title='bbox 1245 2453 1359 2516; x_wconf 88' lang='lat' dir='ltr'>elusit.</span> 
     </span>
     <span class='ocr_line' id='line_1_24' title="bbox 415 2552 1359 2635; baseline -0.004 -17"><span class='ocrx_word' id='word_1_140' title='bbox 415 2555 570 2618; x_wconf 90' lang='lat' dir='ltr'>Militum</span> <span class='ocrx_word' id='word_1_141' title='bbox 588 2555 654 2618; x_wconf 90' lang='lat' dir='ltr'>fuit</span> <span class='ocrx_word' id='word_1_142' title='bbox 669 2574 759 2618; x_wconf 88' lang='lat' dir='ltr'>unus</span> <span class='ocrx_word' id='word_1_143' title='bbox 783 2553 958 2619; x_wconf 89' lang='lat' dir='ltr'>Robertus</span> <span class='ocrx_word' id='word_1_144' title='bbox 973 2552 1123 2634; x_wconf 86' lang='lat' dir='ltr'>Anglus,</span> <span class='ocrx_word' id='word_1_145' title='bbox 1140 2559 1180 2616; x_wconf 90' lang='lat' dir='ltr'>ut</span> <span class='ocrx_word' id='word_1_146' title='bbox 1201 2553 1359 2635; x_wconf 87' lang='lat' dir='ltr'>superius</span> 
     </span>
     <span class='ocr_line' id='line_1_25' title="bbox 414 2652 1361 2734; baseline -0.004 -16"><span class='ocrx_word' id='word_1_147' title='bbox 414 2653 507 2733; x_wconf 83' lang='lat' dir='ltr'>dixi;</span> <span class='ocrx_word' id='word_1_148' title='bbox 523 2661 668 2718; x_wconf 86' lang='lat' dir='ltr'>caetcros</span> <span class='ocrx_word' id='word_1_149' title='bbox 682 2654 816 2718; x_wconf 87' lang='lat' dir='ltr'>notitiae</span> <span class='ocrx_word' id='word_1_150' title='bbox 830 2661 959 2718; x_wconf 87' lang='lat' dir='ltr'>nostrae</span> <span class='ocrx_word' id='word_1_151' title='bbox 973 2652 1066 2716; x_wconf 86' lang='lat' dir='ltr'>sarna</span> <span class='ocrx_word' id='word_1_152' title='bbox 1080 2660 1152 2716; x_wconf 86' lang='lat' dir='ltr'>tam</span> <span class='ocrx_word' id='word_1_153' title='bbox 1169 2652 1361 2734; x_wconf 87' lang='lat' dir='ltr'>longinqua</span> 
     </span>
     <span class='ocr_line' id='line_1_26' title="bbox 413 2746 1357 2834; baseline -0.002 -18"><span class='ocrx_word' id='word_1_154' title='bbox 413 2753 576 2817; x_wconf 90' lang='lat' dir='ltr'>occuluit.</span> <span class='ocrx_word' id='word_1_155' title='bbox 637 2752 703 2816; x_wconf 88' lang='lat' dir='ltr'>Ille</span> <span class='ocrx_word' id='word_1_156' title='bbox 734 2772 812 2816; x_wconf 92' lang='lat' dir='ltr'>cum</span> <span class='ocrx_word' id='word_1_157' title='bbox 835 2746 962 2816; x_wconf 88' lang='lat' dir='ltr'>¹tribus</span> <span class='ocrx_word' id='word_1_158' title='bbox 992 2752 1257 2834; x_wconf 88' lang='lat' dir='ltr'>comprehensus</span> <span class='ocrx_word' id='word_1_159' title='bbox 1283 2758 1357 2830; x_wconf 84' lang='lat' dir='ltr'>est3</span> 
     </span>
     <span class='ocr_line' id='line_1_27' title="bbox 414 2845 1359 2933; baseline -0.002 -19"><span class='ocrx_word' id='word_1_160' title='bbox 414 2845 522 2915; x_wconf 86' lang='lat' dir='ltr'>²unus</span> <span class='ocrx_word' id='word_1_161' title='bbox 544 2852 657 2916; x_wconf 82' lang='lat' dir='ltr'>evasit</span> <span class='ocrx_word' id='word_1_162' title='bbox 687 2871 765 2917; x_wconf 92' lang='lat' dir='ltr'>cum</span> <span class='ocrx_word' id='word_1_163' title='bbox 796 2871 889 2933; x_wconf 88' lang='lat' dir='ltr'>rege.</span> <span class='ocrx_word' id='word_1_164' title='bbox 945 2852 1053 2914; x_wconf 84' lang='lat' dir='ltr'>Turni</span> <span class='ocrx_word' id='word_1_165' title='bbox 1076 2851 1359 2916; x_wconf 84' lang='lat' dir='ltr'>extremam-vim</span> 
     </span>
     <span class='ocr_line' id='line_1_28' title="bbox 413 2945 1358 3034; baseline -0.001 -20"><span class='ocrx_word' id='word_1_166' title='bbox 413 2951 539 3016; x_wconf 85' lang='lat' dir='ltr'>suroris</span> <span class='ocrx_word' id='word_1_167' title='bbox 551 2952 587 3014; x_wconf 91' lang='lat' dir='ltr'>in</span> <span class='ocrx_word' id='word_1_168' title='bbox 600 2951 679 3014; x_wconf 89' lang='lat' dir='ltr'>illos</span> <span class='ocrx_word' id='word_1_169' title='bbox 689 2951 749 3034; x_wconf 90' lang='lat' dir='ltr'>qni</span> <span class='ocrx_word' id='word_1_170' title='bbox 759 2945 958 3015; x_wconf 80' lang='lat' dir='ltr'>³evaserant</span> <span class='ocrx_word' id='word_1_171' title='bbox 972 2951 1009 3014; x_wconf 94' lang='lat' dir='ltr'>in</span> <span class='ocrx_word' id='word_1_172' title='bbox 1026 2971 1139 3014; x_wconf 87' lang='lat' dir='ltr'>arcem</span> <span class='ocrx_word' id='word_1_173' title='bbox 1153 2951 1358 3028; x_wconf 85' lang='lat' dir='ltr'>effuderunt,</span> 
     </span>
     <span class='ocr_line' id='line_1_29' title="bbox 413 3048 1358 3133; baseline -0.003 -19"><span class='ocrx_word' id='word_1_174' title='bbox 413 3051 449 3114; x_wconf 92' lang='lat' dir='ltr'>in</span> <span class='ocrx_word' id='word_1_175' title='bbox 480 3051 605 3133; x_wconf 89' lang='lat' dir='ltr'>quibus</span> <span class='ocrx_word' id='word_1_176' title='bbox 629 3050 696 3114; x_wconf 91' lang='lat' dir='ltr'>fuit</span> <span class='ocrx_word' id='word_1_177' title='bbox 725 3050 834 3132; x_wconf 89' lang='lat' dir='ltr'>Hugo</span> <span class='ocrx_word' id='word_1_178' title='bbox 859 3051 1073 3114; x_wconf 87' lang='lat' dir='ltr'>Lizianensis</span> <span class='ocrx_word' id='word_1_179' title='bbox 1101 3058 1136 3114; x_wconf 92' lang='lat' dir='ltr'>et</span> <span class='ocrx_word' id='word_1_180' title='bbox 1162 3048 1358 3114; x_wconf 87' lang='lat' dir='ltr'>Ganfredns</span> 
     </span>
     <span class='ocr_line' id='line_1_30' title="bbox 414 3149 1358 3231; baseline -0.004 -16"><span class='ocrx_word' id='word_1_181' title='bbox 414 3149 702 3229; x_wconf 81' lang='lat' dir='ltr'>Vindocinensis3</span> <span class='ocrx_word' id='word_1_182' title='bbox 726 3159 796 3214; x_wconf 90' lang='lat' dir='ltr'>tres</span> <span class='ocrx_word' id='word_1_183' title='bbox 812 3157 947 3215; x_wconf 90' lang='lat' dir='ltr'>tantum</span> <span class='ocrx_word' id='word_1_184' title='bbox 965 3151 1169 3231; x_wconf 85' lang='lat' dir='ltr'>superstites</span> <span class='ocrx_word' id='word_1_185' title='bbox 1185 3149 1358 3231; x_wconf 88' lang='lat' dir='ltr'>lerosoly-</span> 
     </span>
     <span class='ocr_line' id='line_1_31' title="bbox 413 3248 1356 3315; baseline -0.004 -1"><span class='ocrx_word' id='word_1_186' title='bbox 413 3251 553 3315; x_wconf 84' lang='lat' dir='ltr'>mitanis</span> <span class='ocrx_word' id='word_1_187' title='bbox 574 3251 691 3314; x_wconf 92' lang='lat' dir='ltr'>nuncii</span> <span class='ocrx_word' id='word_1_188' title='bbox 713 3251 928 3314; x_wconf 86' lang='lat' dir='ltr'>miseriarum</span> <span class='ocrx_word' id='word_1_189' title='bbox 951 3249 1057 3314; x_wconf 89' lang='lat' dir='ltr'>fuere.</span> <span class='ocrx_word' id='word_1_190' title='bbox 1109 3249 1190 3312; x_wconf 88' lang='lat' dir='ltr'>Rex</span> <span class='ocrx_word' id='word_1_191' title='bbox 1207 3248 1356 3312; x_wconf 89' lang='lat' dir='ltr'>interdiu</span> 
     </span>
     <span class='ocr_line' id='line_1_32' title="bbox 411 3344 1358 3432; baseline -0.003 -20"><span class='ocrx_word' id='word_1_192' title='bbox 411 3344 555 3426; x_wconf 82' lang='lat' dir='ltr'>⁴latens,</span> <span class='ocrx_word' id='word_1_193' title='bbox 573 3349 791 3432; x_wconf 89' lang='lat' dir='ltr'>cornipedem</span> <span class='ocrx_word' id='word_1_194' title='bbox 808 3369 911 3413; x_wconf 86' lang='lat' dir='ltr'>cursu</span> <span class='ocrx_word' id='word_1_195' title='bbox 934 3350 1142 3412; x_wconf 85' lang='lat' dir='ltr'>exhaustum</span> <span class='ocrx_word' id='word_1_196' title='bbox 1164 3348 1358 3421; x_wconf 75' lang='lat' dir='ltr'>stimulam,</span> 
     </span>
     <span class='ocr_line' id='line_1_33' title="bbox 412 3446 1360 3531; baseline -0.004 -18"><span class='ocrx_word' id='word_1_197' title='bbox 412 3446 564 3513; x_wconf 81' lang='lat' dir='ltr'>Azotum</span> <span class='ocrx_word' id='word_1_198' title='bbox 586 3450 763 3531; x_wconf 87' lang='lat' dir='ltr'>pervenit:</span> <span class='ocrx_word' id='word_1_199' title='bbox 787 3449 931 3531; x_wconf 90' lang='lat' dir='ltr'>pulchro</span> <span class='ocrx_word' id='word_1_200' title='bbox 948 3455 984 3512; x_wconf 91' lang='lat' dir='ltr'>et</span> <span class='ocrx_word' id='word_1_201' title='bbox 1005 3448 1049 3511; x_wconf 89' lang='lat' dir='ltr'>ad</span> <span class='ocrx_word' id='word_1_202' title='bbox 1073 3449 1275 3512; x_wconf 88' lang='lat' dir='ltr'>miraculum</span> <span class='ocrx_word' id='word_1_203' title='bbox 1291 3448 1360 3510; x_wconf 90' lang='lat' dir='ltr'>Dei</span> 
     </span>
     <span class='ocr_line' id='line_1_34' title="bbox 412 3545 1358 3630; baseline -0.002 -20"><span class='ocrx_word' id='word_1_204' title='bbox 412 3566 522 3629; x_wconf 91' lang='lat' dir='ltr'>prono</span> <span class='ocrx_word' id='word_1_205' title='bbox 553 3549 678 3611; x_wconf 80' lang='lat' dir='ltr'>salutis</span> <span class='ocrx_word' id='word_1_206' title='bbox 710 3556 848 3625; x_wconf 88' lang='lat' dir='ltr'>eventu,</span> <span class='ocrx_word' id='word_1_207' title='bbox 876 3548 967 3630; x_wconf 94' lang='lat' dir='ltr'>quod</span> <span class='ocrx_word' id='word_1_208' title='bbox 1005 3548 1109 3630; x_wconf 87' lang='lat' dir='ltr'>panio</span> <span class='ocrx_word' id='word_1_209' title='bbox 1147 3554 1228 3610; x_wconf 88' lang='lat' dir='ltr'>ante</span> <span class='ocrx_word' id='word_1_210' title='bbox 1252 3545 1358 3609; x_wconf 81' lang='lat' dir='ltr'>Turni</span> 
     </span>
     <span class='ocr_line' id='line_1_35' title="bbox 411 3645 1357 3731; baseline 0 -23"><span class='ocrx_word' id='word_1_211' title='bbox 411 3646 654 3724; x_wconf 83' lang='lat' dir='ltr'>discesserant,</span> <span class='ocrx_word' id='word_1_212' title='bbox 673 3649 733 3729; x_wconf 93' lang='lat' dir='ltr'>qui</span> <span class='ocrx_word' id='word_1_213' title='bbox 742 3647 818 3731; x_wconf 92' lang='lat' dir='ltr'>jam</span> <span class='ocrx_word' id='word_1_214' title='bbox 839 3648 943 3712; x_wconf 94' lang='lat' dir='ltr'>biduo</span> <span class='ocrx_word' id='word_1_215' title='bbox 967 3647 1060 3710; x_wconf 87' lang='lat' dir='ltr'>circa</span> <span class='ocrx_word' id='word_1_216' title='bbox 1082 3649 1200 3710; x_wconf 86' lang='lat' dir='ltr'>urbem</span> <span class='ocrx_word' id='word_1_217' title='bbox 1221 3645 1357 3728; x_wconf 81' lang='lat' dir='ltr'>praedas</span> 
     </span>
     <span class='ocr_line' id='line_1_36' title="bbox 412 3744 1356 3830; baseline -0.002 -20"><span class='ocrx_word' id='word_1_218' title='bbox 412 3752 566 3826; x_wconf 86' lang='lat' dir='ltr'>egerant.</span> <span class='ocrx_word' id='word_1_219' title='bbox 620 3746 707 3810; x_wconf 89' lang='lat' dir='ltr'>Inde</span> <span class='ocrx_word' id='word_1_220' title='bbox 720 3747 743 3810; x_wconf 86' lang='lat' dir='ltr'>J</span> <span class='ocrx_word' id='word_1_221' title='bbox 746 3767 862 3830; x_wconf 91' lang='lat' dir='ltr'>oppen</span> <span class='ocrx_word' id='word_1_222' title='bbox 884 3746 1024 3828; x_wconf 90' lang='lat' dir='ltr'>navigio</span> <span class='ocrx_word' id='word_1_223' title='bbox 1042 3748 1195 3822; x_wconf 90' lang='lat' dir='ltr'>veniens,</span> <span class='ocrx_word' id='word_1_224' title='bbox 1219 3744 1356 3809; x_wconf 90' lang='lat' dir='ltr'>Ieroso·</span> 
     </span>
     <span class='ocr_line' id='line_1_37' title="bbox 410 3845 1357 3929; baseline -0.003 -20"><span class='ocrx_word' id='word_1_225' title='bbox 410 3846 586 3929; x_wconf 91' lang='lat' dir='ltr'>lymitanis</span> <span class='ocrx_word' id='word_1_226' title='bbox 610 3847 792 3927; x_wconf 87' lang='lat' dir='ltr'>epistolam</span> <span class='ocrx_word' id='word_1_227' title='bbox 818 3847 860 3910; x_wconf 90' lang='lat' dir='ltr'>de</span> <span class='ocrx_word' id='word_1_228' title='bbox 875 3847 958 3911; x_wconf 86' lang='lat' dir='ltr'>vitae</span> <span class='ocrx_word' id='word_1_229' title='bbox 980 3864 1053 3909; x_wconf 85' lang='lat' dir='ltr'>suae</span> <span class='ocrx_word' id='word_1_230' title='bbox 1078 3845 1284 3909; x_wconf 89' lang='lat' dir='ltr'>certitudine</span> <span class='ocrx_word' id='word_1_231' title='bbox 1309 3845 1357 3907; x_wconf 91' lang='lat' dir='ltr'>le-</span> 
     </span>
    </p>
   </div>
   <div class='ocr_carea' id='block_1_5' title="bbox 348 4069 1358 4136">
    <p class='ocr_par' dir='ltr' id='par_1_5' title="bbox 348 4069 1358 4136">
     <span class='ocr_line' id='line_1_38' title="bbox 348 4069 1358 4136; baseline -0.001 -14"><span class='ocrx_word' id='word_1_232' title='bbox 348 4086 353 4090; x_wconf 85' lang='grc'>’</span> <span class='ocrx_word' id='word_1_233' title='bbox 442 4070 577 4135; x_wconf 79' lang='lat' dir='ltr'>¹Tribus.]</span> <span class='ocrx_word' id='word_1_234' title='bbox 608 4072 639 4122; x_wconf 88' lang='lat' dir='ltr'>C.</span> <span class='ocrx_word' id='word_1_235' title='bbox 660 4072 695 4123; x_wconf 90' lang='lat' dir='ltr'>D.</span> <span class='ocrx_word' id='word_1_236' title='bbox 715 4073 766 4134; x_wconf 86' lang='grc' dir='ltr'>Ε.;</span> <span class='ocrx_word' id='word_1_237' title='bbox 790 4073 872 4122; x_wconf 87' lang='lat' dir='ltr'>tribus</span> <span class='ocrx_word' id='word_1_238' title='bbox 930 4069 1110 4136; x_wconf 79' lang='lat' dir='ltr'>³Eouserant.]</span> <span class='ocrx_word' id='word_1_239' title='bbox 1134 4073 1164 4122; x_wconf 84' lang='lat' dir='ltr'>S.</span> <span class='ocrx_word' id='word_1_240' title='bbox 1176 4072 1211 4122; x_wconf 86' lang='lat' dir='ltr'>D.</span> <span class='ocrx_word' id='word_1_241' title='bbox 1223 4072 1272 4132; x_wconf 88' lang='lat' dir='ltr'>E.;</span> <span class='ocrx_word' id='word_1_242' title='bbox 1289 4071 1358 4121; x_wconf 84' lang='lat' dir='ltr'>reiu-</span> 
     </span>
    </p>
   </div>
   <div class='ocr_carea' id='block_1_6' title="bbox 405 4141 1357 4351">
    <p class='ocr_par' dir='ltr' id='par_1_6' title="bbox 405 4141 1357 4351">
     <span class='ocr_line' id='line_1_39' title="bbox 407 4141 1035 4204; baseline 0.003 -13"><span class='ocrx_word' id='word_1_243' title='bbox 407 4144 475 4200; x_wconf 84' lang='lat' dir='ltr'>aliis‚</span> <span class='ocrx_word' id='word_1_244' title='bbox 485 4142 519 4191; x_wconf 78' lang='lat' dir='ltr'>A.</span> <span class='ocrx_word' id='word_1_245' title='bbox 532 4142 561 4190; x_wconf 83' lang='lat' dir='ltr'>S.</span> <span class='ocrx_word' id='word_1_246' title='bbox 573 4141 604 4190; x_wconf 90' lang='lat' dir='ltr'>L.</span> <span class='ocrx_word' id='word_1_247' title='bbox 895 4146 993 4204; x_wconf 81' lang='lat' dir='ltr'>gerant,</span> <span class='ocrx_word' id='word_1_248' title='bbox 1004 4143 1035 4193; x_wconf 89' lang='lat' dir='ltr'>L.</span> 
     </span>
     <span class='ocr_line' id='line_1_40' title="bbox 443 4210 1357 4275; baseline -0.002 -14"><span class='ocrx_word' id='word_1_249' title='bbox 443 4211 557 4274; x_wconf 58' lang='grc' dir='ltr'>Ἔπη]</span> <span class='ocrx_word' id='word_1_250' title='bbox 583 4212 612 4260; x_wconf 81' lang='grc'>0.</span> <span class='ocrx_word' id='word_1_251' title='bbox 630 4210 666 4262; x_wconf 92' lang='lat' dir='ltr'>D.</span> <span class='ocrx_word' id='word_1_252' title='bbox 683 4213 734 4274; x_wconf 82' lang='lat' dir='ltr'>E.;</span> <span class='ocrx_word' id='word_1_253' title='bbox 757 4211 872 4275; x_wconf 84' lang='lat' dir='ltr'>quintus,</span> <span class='ocrx_word' id='word_1_254' title='bbox 930 4210 1062 4274; x_wconf 56' lang='grc' dir='ltr'>Ἥκω]</span> <span class='ocrx_word' id='word_1_255' title='bbox 1090 4213 1119 4261; x_wconf 87' lang='lat' dir='ltr'>C.</span> <span class='ocrx_word' id='word_1_256' title='bbox 1137 4211 1172 4259; x_wconf 90' lang='lat' dir='ltr'>D.</span> <span class='ocrx_word' id='word_1_257' title='bbox 1193 4211 1245 4271; x_wconf 58' lang='lat' dir='ltr'>En,</span> <span class='ocrx_word' id='word_1_258' title='bbox 1266 4211 1357 4272; x_wconf 83' lang='lat' dir='ltr'>latens,</span> 
     </span>
     <span class='ocr_line' id='line_1_41' title="bbox 405 4280 1269 4351; baseline -0.005 -20"><span class='ocrx_word' id='word_1_259' title='bbox 405 4282 439 4333; x_wconf 77' lang='lat' dir='ltr'>A.</span> <span class='ocrx_word' id='word_1_260' title='bbox 452 4284 480 4332; x_wconf 81' lang='lat' dir='ltr'>S.</span> <span class='ocrx_word' id='word_1_261' title='bbox 493 4283 524 4331; x_wconf 90' lang='lat' dir='ltr'>L.</span> <span class='ocrx_word' id='word_1_262' title='bbox 894 4287 970 4330; x_wconf 87' lang='lat' dir='ltr'>noctu</span> <span class='ocrx_word' id='word_1_263' title='bbox 981 4297 1027 4342; x_wconf 88' lang='lat' dir='ltr'>per</span> <span class='ocrx_word' id='word_1_264' title='bbox 1037 4281 1148 4343; x_wconf 80' lang='lat' dir='ltr'>avia,A.</span> <span class='ocrx_word' id='word_1_265' title='bbox 1161 4280 1190 4330; x_wconf 81' lang='lat' dir='ltr'>S.</span> <span class='ocrx_word' id='word_1_266' title='bbox 1202 4281 1233 4330; x_wconf 88' lang='lat' dir='ltr'>L.</span> <span class='ocrx_word' id='word_1_267' title='bbox 1267 4347 1269 4351; x_wconf 89' lang='lat'>.</span> 
     </span>
    </p>
   </div>
   <div class='ocr_carea' id='block_1_7' title="bbox 0 0 1574 4974">
    <p class='ocr_par' dir='ltr' id='par_1_7' title="bbox 0 0 1574 4974">
     <span class='ocr_line' id='line_1_42' title="bbox 0 0 1574 4974; baseline 0 1"><span class='ocrx_word' id='word_1_268' title='bbox 0 0 1574 4974; x_wconf 95' lang='lat' dir='ltr'> </span> 
     </span>
    </p>
   </div>
  </div>
 </body>
</html>
