3148 4982
185 467 344 551 mauu]
419 483 532 532 ensrn
557 482 683 531 nnrruu
708 481 925 531 nuonoauu.
1073 471 1143 534 449

187 644 288 719 tium,
304 649 345 706 ut
358 641 444 706 nihil
461 641 691 705 desiderarem
707 648 836 724 praeter
850 641 974 706 talium
989 643 1143 707 virorum

190 743 403 825 obsequium.
456 741 582 824 Itaque
602 740 739 805 blandis
765 743 1060 806 assentationibus
1078 762 1141 825 ga·

190 844 299 920 visum,
320 843 426 918 ibam,
450 847 489 905 ut
506 860 587 905 vere
611 840 695 904 mihi
715 839 911 918 videbatur,
928 861 1049 906 versus
1072 844 1142 906 ori-

191 951 329 1008 entem:
365 941 633 1024 promittebatur
664 939 747 1003 mihi
778 940 876 1004 sedes
910 942 1141 1024 paradisiaca,

192 1062 260 1105 non
287 1041 398 1105 multo
423 1048 504 1122 post
520 1039 695 1104 intranda.
748 1039 790 1102 In
805 1048 980 1105 momento
997 1044 1142 1123 praeter-

194 1142 245 1204 ita
268 1141 422 1222 Europa,
447 1140 597 1221 ingressi
623 1138 757 1215 Asiam,
784 1140 943 1204 venimus
967 1139 1141 1224 lerosoly-

194 1260 306 1320 mam;
340 1241 388 1303 ibi
411 1239 540 1304 sanctis
564 1238 729 1316 adoratis,
753 1237 776 1302 J
780 1238 942 1302 ordenem
968 1241 1143 1322 pertendi-

194 1359 293 1419 mus3
317 1340 487 1404 citerioris
511 1339 597 1422 ripae
625 1338 765 1415 accolae,
783 1338 963 1402 ductorum
988 1359 1142 1403 meorum

192 1440 419 1504 contubernio
441 1439 555 1515 mixti,
580 1439 702 1502 laetum
724 1445 854 1502 coetum
878 1437 1016 1502 fecere.¹
1052 1439 1142 1520 Ego,

193 1539 327 1602 visendi
353 1538 520 1602 ulteriora
545 1537 673 1614 studio,
700 1538 886 1602 transitum
912 1539 1141 1603 maturabam.

193 1637 291 1701 Tunc
308 1638 451 1703 comites
465 1638 580 1701 Deum
602 1637 809 1720 praecepisse
828 1636 981 1701 referunt
999 1645 1143 1703 utente

193 1737 388 1802 daemonum
405 1738 539 1802 visione
562 1737 781 1814 terrificarer,
798 1745 971 1818 quatenus
988 1738 1142 1802 veniales

181 1838 318 1922 culpae,
343 1854 432 1920 quas
461 1835 676 1900 confessione
708 1856 777 1899 non
801 1835 981 1913 dilueram,
1012 1857 1142 1918 pavore

193 1936 644 2000 horrendarumformarum
658 1942 901 2018 purgarentur.
948 1935 1036 2000 Cum
1050 1936 1143 2001 dicto

194 2038 309 2102 astitit
332 2035 434 2100 alteri
458 2036 550 2118 parti
573 2042 674 2099 tanta
698 2034 893 2098 daemonum
915 2035 981 2111 vie,
1002 2035 1144 2099 hastilia

195 2143 300 2200 acuta
312 2136 536 2211 vibrantium,
559 2135 658 2217 ignes
684 2132 885 2210 efflantium,
907 2140 947 2197 ut
970 2153 1054 2216 ager
1075 2134 1143 2197 fer·

193 2255 286 2313 reus,
312 2255 372 2298 aer
399 2235 577 2298 flammeus
595 2233 781 2298 videretur.
834 2233 965 2296 Eorum
986 2227 1144 2298 ¹horrore

193 2335 246 2399 ita
261 2354 337 2398 sum
363 2334 518 2410 affectus
536 2340 575 2397 ut
589 2333 619 2396 si
635 2340 729 2397 terra
744 2331 948 2409 dehisceret,
964 2334 995 2396 si
1017 2334 1143 2397 coelum

194 2441 399 2517 patesceret,
416 2440 494 2498 tuto
511 2432 595 2497 mihi
610 2433 793 2514 utrobique
817 2432 1057 2514 refugiendum
1075 2452 1144 2497 non

192 2535 415 2598 'aestimarem
469 2533 527 2596 Ita
549 2532 785 2608 meticulosus,
799 2531 881 2594 dum
905 2551 976 2614 quo
997 2532 1143 2598 evadam

192 2633 326 2711 dubito,
342 2639 485 2716 repente
503 2631 561 2719 (ut
577 2631 652 2695 haec
669 2631 787 2695 dicens
802 2634 929 2695 vestrae
949 2632 1056 2696 saluti
1075 2633 1144 2696 nisi

195 2734 374 2815 negligitis
394 2728 627 2815 consulerem)
644 2724 809 2795 ²halitum
824 2731 951 2812 recepi,
964 2732 1143 2796 confestim

192 2831 388 2899 effusurus?
439 2832 553 2908 Dixit,
581 2837 616 2894 et
643 2849 721 2894 cum
741 2830 848 2898 verbo
874 2849 961 2912 pene
984 2832 1144 2914 spiritum

193 2933 321 2996 emisit.
376 2930 523 3015 Corpus,
540 2932 576 2994 in
600 2930 746 2994 eeclesia
770 2937 901 2993 sanctae
919 2929 1044 2994 Mariae
1060 2938 1144 2994 tuno

195 3031 290 3096 humi
301 3031 488 3108 defossum,
504 3030 671 3094 miraculo
685 3023 805 3093 ³,modo
822 3027 879 3115 (ut
894 3025 1009 3114 aiunt)
1027 3029 1145 3094 divino

195 3131 301 3195 altius
315 3132 427 3195 tribus
439 3131 584 3214 pedibus
600 3149 703 3210 super
720 3136 848 3192 terram
862 3127 1035 3192 elevatum
1053 3136 1117 3193 est.

247 3230 265 3314 §
295 3229 373 3294 269.
406 3230 517 3294 Porro
546 3227 758 3304 Will'elmuS,
787 3226 958 3309 propositi
985 3227 1119 3310 quod'
1109 3249 1145 3292 m
1159 3245 1290 3289 recreme-

194 3329 230 3393 N
233 3349 413 3394 ormanma
428 3335 582 3412 coeperat
596 3335 717 3404 tenax,
736 3325 954 3407 Stigandum,
964 3346 1146 3408 perperam
1138 3299 1281 3390 titillo.

195 3437 231 3492 et
246 3429 333 3492 salso
348 3429 657 3512 archiepiscopum,
668 3446 731 3509 per
747 3423 939 3489 cardinales
954 3426 1145 3506 Romanos

193 3535 229 3592 et
246 3528 508 3593 Ermenfredum
531 3527 731 3610 episcopum
753 3524 998 3603 Sedunensem,
1020 3526 1146 3610 deponi

193 3646 318 3710 passus
346 3635 411 3692 est.
463 3627 638 3692 Successit
662 3626 693 3689 ei
718 3626 754 3687 in
776 3625 960 3689 Wintonia
983 3619 1146 3692 4Wallre-

226 3847 379 3916 ¹Horrore.]
398 3853 427 3904 S.
441 3855 471 3903 C.
487 3853 523 3903 D.
537 3854 584 3914 E.;
599 3852 655 3900 hor·
716 3847 726 3880 ⁴
742 3849 918 3913 Wulkeltnus.]
934 3849 1044 3900 Glossed
1055 3850 1144 3900 inLl.

193 3920 330 3984 rorum,A.
342 3922 374 3971 L.
680 3918 868 3981 ‘Walkelinus‚
884 3920 916 3967 de
934 3934 985 3980 quo
1004 3919 1065 3968 alibi
1082 3921 1145 3968 seri·
1212 3955 1215 3960 ,

230 4020 240 4050 ,
606 4022 655 4073 Β..
681 3989 750 4038 bitur
779 3989 848 4050 quod
884 3989 989 4037 abstulit
1016 3971 1145 4038 monachis

193 4023 438 4154 anhefllfflmffd
458 4023 486 4075 S·
507 4025 537 4074 c
556 4023 589 4072 Ε
631 4057 655 4084 '’
681 4062 820 4108 trescentas
836 4058 941 4106 libratas
956 4062 1040 4119 terrae,
1059 4062 1085 4106 et
1101 4072 1145 4106 eas

682 4133 733 4176 tam
755 4128 846 4176 usibus
869 4128 923 4176 suis
945 4141 1022 4188 quem
1045 4141 1145 4176 succes·

203 4189 355 4262 ³Modo.]
384 4194 419 4246 A.
441 4197 471 4246 G.
494 4195 530 4246 D.
552 4196 586 4247 E.
609 4195 656 4257 1..;
683 4211 883 4246 serumsuorum
896 4197 1147 4260 dampnabiliterap·

192 4265 314 4316 omitted
307 4280 333 4313 ιιι
345 4265 374 4315 S.
683 4265 792 4328 plicuit.
1145 4315 1148 4318 .
