3104 4974
221 499 290 549 nrn.
308 485 381 566 111.]
452 496 566 550 cnsrn'
591 501 718 551 nnouu
742 502 959 553 suononuu.
1110 490 1176 554 427

223 659 323 743 pulas
332 659 503 741 agnitum,
513 659 728 742 sepulturam
740 660 889 725 Eboraci
904 659 1041 726 meruit.
1075 661 1175 726 Tunc

225 759 390 823 Edwinus
405 766 440 823 et
457 759 663 824 Mercardus
680 757 859 845 (Haroldo
871 757 1035 845 jubente)
1052 780 1174 826 manu·

223 859 332 923 biales
356 859 493 942 praedas
523 858 739 923 Londoniam
763 859 894 940 tulere3
926 879 1007 924 nam
1032 861 1108 943 ipse
1130 861 1174 926 ad

225 958 498 1041 Hastingensem
511 977 664 1040 pugnam
677 958 878 1038 festinabat,
888 953 991 1023 ¹unde
1001 959 1078 1044 jam
1093 979 1174 1043 par-
1198 1029 1200 1033 Α

225 1065 297 1122 tam
325 1059 505 1122 victoriam
533 1057 624 1122 ialso
646 1076 829 1141 praesagus
854 1058 1061 1124 somniabat.
1111 1057 1175 1137 At,

225 1177 266 1222 eo
287 1158 482 1235 interemto,
500 1157 668 1239 germani,
689 1157 734 1221 ad
756 1164 868 1222 terras
890 1177 964 1222 suae
989 1160 1174 1241 potestatis

225 1256 470 1339 perfugientes,
493 1257 629 1339 aliquot
646 1257 748 1320 annis
770 1276 891 1339 pacem
908 1257 1076 1322 Willelmi
1099 1265 1174 1322 tur-

225 1357 405 1434 baverunt,
435 1355 659 1422 clandestinis
689 1356 881 1420 latrociniis
915 1357 1033 1440 sylvas
1067 1357 1175 1422 infes-

225 1462 352 1533 tantes,
376 1474 616 1536 necunquam
642 1455 798 1520 cominus
823 1462 859 1519 et
885 1464 1005 1539 aperte
1026 1464 1172 1521 martem

225 1562 390 1637 agentes3
423 1575 516 1638 saepe
540 1556 645 1645 etiam
669 1555 763 1636 eapti
789 1555 991 1638 plerumque
1015 1575 1053 1619 se
1076 1556 1174 1620 dedi-

223 1655 315 1732 dere,
337 1655 398 1718 sed
415 1655 636 1720 miseratione
650 1653 817 1737 juvenilis
834 1654 979 1733 decoris,
1001 1661 1037 1720 et
1058 1657 1174 1737 gratia

224 1754 427 1831 nobilitatis,
457 1755 597 1835 impune
629 1753 774 1818 dimissi.
826 1754 1010 1820 Postremo
1041 1775 1105 1820 nec
1135 1757 1172 1820 vi

224 1873 287 1917 nec
301 1853 381 1917 dolo
403 1853 568 1931 hostium,
585 1853 646 1916 sed
659 1847 821 1916 ²suorum
834 1853 979 1936 perfidia
994 1855 1170 1930 trucidati,
1184 1883 1238 1923 an.
1250 1881 1306 1922 ron.

223 1971 339 2033 regem
355 1953 399 2016 ad
413 1952 608 2036 lachrymas
623 1953 771 2031 flexere;
794 1953 920 2034 quibus
940 1953 1015 2035 ipse
1037 1960 1073 2017 et
1089 1973 1171 2018 eon-

218 2051 320 2135 jugia
348 2059 575 2134 cognatarum
598 2059 633 2116 et
657 2052 818 2115 amicitiae
843 2052 1079 2134 dignationem
1096 2054 1171 2136 jam

221 2152 352 2235 pridem
368 2151 581 2229 indulsisset,
598 2152 629 2215 si
645 2151 755 2233 quieti
771 2150 993 2234 adquiescere
1007 2151 1148 2217 vellent.

477 2340 526 2386 DE
549 2339 747 2387 wubnuouo
770 2338 914 2386 comus.

274 2446 292 2531 §
320 2446 397 2511 253.
437 2446 653 2524 Weldeofus,
685 2447 810 2529 amplae
839 2446 1013 2530 prosapiae
1043 2467 1333 2528 comesorrarrwa-

222 2547 366 2610 multam
392 2546 664 2611 familiaritatem
687 2547 768 2611 novi
790 2547 882 2629 regis
905 2544 1028 2610 dactus
1045 2524 1248 2626 firmatim·

221 2646 313 2729 quod
345 2646 416 2722 ille,
448 2647 703 2729 proeteritarum
738 2645 945 2711 offensarum
978 2647 1170 2725 immemor,

222 2747 332 2827 magis
362 2746 441 2809 illas
472 2745 594 2810 virtuti
624 2764 729 2827 quam
757 2745 912 2828 perfidiae
946 2746 1170 2811 attribuebat.

222 2845 398 2928 Siquidem
414 2843 615 2909 Weldeofus
630 2846 667 2909 in
684 2844 895 2908 Eboracensi
913 2864 1032 2928 pugna
1053 2846 1171 2928 plures

222 2945 504 3009 Normannorum
518 2944 615 3008 solus
632 2945 912 3022 obtruncaverat,
930 2964 1018 3008 unos
1031 2952 1067 3008 et
1081 2964 1169 3009 unos

220 3065 282 3127 per
296 3052 434 3128 portam
456 3044 672 3125 egredientes
690 3043 912 3126 decapitans:
936 3063 1103 3109 nervosus
1114 3030 1171 3108 ‘la-

221 3146 337 3222 certis,
367 3143 530 3208 thorosus
567 3149 720 3226 pectore,
748 3145 910 3207 robustus
940 3150 976 3206 et
1006 3162 1169 3224 procerus

221 3251 295 3309 toto
312 3262 466 3325 corpore,
483 3242 575 3306 filius
589 3241 737 3307 Siwardi
759 3241 1169 3322 magnificentissimico·

219 3343 326 3421 mitis,
340 3362 442 3425 quem
459 3342 592 3424 Digera
609 3342 745 3406 Danico
760 3340 943 3418 vocabulo,
965 3341 1000 3404 id
1023 3347 1076 3404 est
1098 3340 1168 3405 for·

220 3449 301 3521 tem,
332 3442 634 3524 cognominabant.
696 3439 923 3504 Postmodum
948 3459 1043 3518 vero,
1065 3441 1169 3505 victis

219 3543 389 3625 partibus,
406 3560 482 3606 sese
504 3547 628 3623 sponte
642 3539 783 3618 dedens,
807 3546 843 3605 et
859 3533 1032 3604 ³Judithae
1054 3541 1169 3624 neptis

254 3799 369 3864 ¹Uada]
388 3801 418 3850 C.
438 3799 474 3851 D.
493 3801 544 3861 E.;
560 3787 738 3864 indeque,'ed
760 3799 865 3848 himself
883 3803 909 3848 to
927 3797 971 3846 the
992 3796 1056 3860 king
1078 3795 1104 3845 in
1125 3796 1168 3845 the

216 3869 266 3935 Δις
283 3871 352 3934 inde,
363 3871 411 3932 L.;
428 3871 482 3934 Ubi,
493 3871 522 3921 S·
704 3884 882 3988 snpeffihoe
899 3937 980 4000 neptis
1000 3935 1068 3997 regis
1085 3934 1097 3998 ]
1120 3935 1169 3985 Ju-

252 4007 387 4059 ¹Suorum
410 4007 513 4074 perfidio
535 4006 679 4072 midaii]
704 4009 760 4057 dith
788 4021 844 4056 was
873 4006 999 4069 daughter
1027 4004 1055 4054 oi
1070 3970 1168 4054 'Comte

217 4081 271 4141 The
282 4081 367 4129 Saxon
379 4077 513 4129 Chronicle
531 4083 609 4128 states
626 4079 681 4127 that
707 4077 883 4140 Enguerrand,
899 4077 950 4125 and
963 4075 1078 4137 Adeliza,
1095 4075 1169 4125 sister

216 4151 279 4200 Earl
296 4149 406 4198 Eadwin
421 4161 476 4198 was
492 4149 681 4209 treacherously
706 4147 735 4196 oi
737 4148 780 4196 the
787 4147 940 4208 Conquerar.
963 4145 1077 4193 William
1088 4157 1170 4194 seems

215 4221 282 4270 alain
300 4220 335 4281 by
354 4219 395 4267 his
409 4233 468 4267 own
487 4233 545 4267 men
562 4219 589 4266 in
608 4221 681 4280 1⁰⁷1,
707 4222 732 4266 to
743 4217 808 4266 hare
819 4217 882 4265 been
892 4230 953 4278 very
965 4213 1068 4278 profuse
1086 4215 1112 4264 in
1129 4214 1170 4264 his

215 4291 266 4340 and
277 4289 332 4340 that
343 4288 405 4338 Earl
416 4288 520 4338 Murear
536 4288 682 4338 surrender·
708 4294 794 4350 granta
804 4290 830 4335 to
841 4286 894 4335 ber.
