3152 4970
244 476 312 526 nin.
332 461 383 543 v.]
476 479 591 527 cusrn
615 480 742 529 annun
766 481 981 531 nuenoauu.
1133 469 1199 534 675

423 730 470 776 DE
494 729 618 776 MORTE
642 729 806 777 EJUSDEM
831 729 1022 778 LANZONIS.

295 835 405 918 §titia
429 836 539 900 ‘Pius
570 836 755 915 Dominae,
782 837 842 919 qui
870 837 1026 920 flagellat
1058 857 1350 924 omnemnpauneor·

244 934 354 998 lilium
378 956 479 1018 quem
504 937 639 1019 recipit,
661 937 722 1018 qui
739 937 856 1021 justos
876 919 948 1000 suae
974 939 1087 1002 socios
1112 915 1319 1020 ρας-ΝΜ·

243 1036 350 1100 sionis
373 1036 476 1099 simul
497 1043 531 1100 et
549 1036 795 1100 consolationis
818 1037 891 1101 fore
913 1037 1096 1120 promittit,
1119 1045 1191 1102 tam

243 1137 368 1199 acerbo
386 1136 553 1217 languore
566 1134 744 1199 dominum
763 1136 961 1201 Lanzonem
978 1137 1092 1202 triduo
1109 1157 1190 1220 pas·

242 1235 375 1298 sionem
402 1253 502 1298 suam
526 1237 717 1318 praevenire
743 1237 911 1318 permisit,
938 1243 978 1299 ut
1006 1238 1037 1300 si
1063 1237 1190 1320 aliquis

242 1353 287 1397 ex
305 1342 444 1399 terrena
460 1336 722 1399 conversatione
743 1336 977 1400 mundissimae
992 1338 1098 1400 menti
1114 1338 1190 1420 ejus

241 1433 355 1515 pulvis
381 1435 539 1511 adhaesit,
563 1434 625 1498 illa
655 1455 732 1498 eum
757 1435 979 1500 tribulatione
1003 1455 1189 1500 excussum

240 1553 316 1596 esse
339 1554 408 1598 non
426 1535 472 1597 sit
486 1535 696 1615 ambiguum.
748 1533 836 1597 Cum
855 1535 946 1598 enim
960 1535 1054 1600 dicat
1069 1543 1189 1600 tantus

241 1634 433 1715 apostolus,
447 1633 509 1714 qui
525 1653 630 1716 super
646 1633 867 1698 Dominicum
885 1635 1042 1698 recubuit
1056 1643 1189 1716 pectus,

240 1737 263 1767 “
276 1727 331 1797 ¹Si
347 1733 536 1796 dixerimus
552 1733 635 1815 quia
650 1741 831 1816 peccatum
848 1754 917 1798 non
928 1733 1106 1812 habemus,
1121 1735 1189 1817 ipsi

240 1853 305 1898 nos
332 1833 539 1910 seducimus
570 1840 606 1896 et
630 1833 758 1897 veritas
791 1835 828 1896 iu
856 1835 955 1897 nobis
987 1853 1056 1898 nou
1090 1835 1188 1899 est:”

240 1953 386 2016 cumque
422 1940 603 2016 peccatum
628 1952 728 1996 omne
751 1939 812 1996 aut
837 1932 949 1997 levius
974 1932 1042 2011 hic,
1068 1935 1188 1998 autin

239 2031 356 2097 futuro
373 2035 528 2114 gravius
541 2032 676 2116 judicet
691 2031 863 2109 Christus
883 2032 996 2098 noluit
1009 2033 1041 2096 ei
1056 2034 1186 2117 aliquid

239 2132 437 2197 offensionis
458 2139 538 2215 post
552 2140 697 2196 mortem
722 2151 913 2209 occurrere,
927 2151 1030 2215 quem
1051 2152 1088 2196 se
1112 2142 1186 2199 toto

239 2233 341 2296 corde
362 2233 493 2296 sciebat
515 2251 651 2310 amare;
675 2232 833 2314 ideoque,
849 2232 879 2295 si
898 2231 981 2314 quid
1003 2232 1040 2294 in
1062 2252 1103 2296 eo
1126 2253 1186 2297 ex-

240 2332 461 2396 aminandum
487 2331 682 2415 judicabat,
709 2331 820 2396 voluit
840 2325 895 2395 ²in
918 2332 1057 2396 virente
1084 2331 1185 2397 deco·

236 2451 352 2514 quere.
405 2431 501 2495 Huic
518 2451 641 2514 nempe
665 2431 848 2495 assertioni
863 2431 990 2495 fiducia
1006 2432 1185 2497 morientis

236 2539 406 2596 attestata
427 2538 491 2595 est.
544 2531 639 2595 Nam
656 2550 736 2594 cum
749 2532 872 2612 quinta
890 2530 977 2594 feria
999 2538 1079 2594 ante
1095 2531 1184 2595 Pas-

228 2627 369 2695 'sionem
399 2631 540 2695 Domini
569 2630 762 2707 incolumia,
787 2630 881 2694 dicto
908 2650 953 2694 ex
980 2631 1184 2712 quotidiana

237 2730 523 2812 Quadragesimae
551 2730 799 2796 consuetudine
830 2730 1007 2812 psalterio,
1033 2749 1070 2793 se
1098 2731 1184 2796 hora

236 2833 341 2895 tertia
356 2833 497 2895 missam
508 2830 751 2902 ‚celebraturus
774 2849 884 2912 usque
900 2830 944 2894 ad
961 2830 1116 2894 casulam
1132 2832 1185 2894 in·
1243 2836 1245 2839 ’

236 2930 379 3008 duisset,
396 2938 432 2994 et
448 2950 559 3013 usque
576 2931 620 2994 ad
635 2929 866 3012 incipiendam
880 2929 1022 2992 missam
1036 2949 1183 3012 quaeque

233 3031 379 3095 dicenda
403 3037 503 3094 erant
524 3030 756 3111 praedixisset,
779 3030 894 3092 subito
915 3029 1083 3110 languore
1109 3037 1182 3093 tam

233 3131 379 3194 molesto
401 3129 597 3211 corripitur,
621 3134 661 3190 ut
688 3129 775 3210 ipse,
797 3147 876 3209 quae
902 3127 1061 3190 induerat
1074 3131 1181 3192 vesti·

233 3236 352 3293 menta
390 3247 534 3305 exuenS,
574 3227 679 3290 etiam
716 3246 785 3290 non
823 3226 954 3309 plicata
981 3227 1179 3307 reliquerit:

234 3346 462 3410 egressusque
488 3327 653 3404 oratorio,
675 3326 749 3388 sine
771 3325 1024 3389 intermissione
1045 3345 1108 3407 per
1129 3327 1181 3390 bi-

232 3429 350 3504 duum,
365 3427 430 3491 hoc
455 3434 520 3504 est,
537 3445 648 3509 usque
670 3425 715 3488 ad
742 3424 944 3503 Sabbatum,
968 3426 1179 3506 conteritur3

233 3548 303 3592 uon
320 3526 483 3604 sedendo,
508 3546 578 3590 non
600 3524 820 3601 ambulando,
840 3544 909 3588 non
925 3524 1087 3608 jacendo,
1109 3546 1179 3590 non

232 3627 371 3705 stando,
386 3647 497 3709 neque
512 3624 725 3702 dormiendo,
740 3624 847 3688 ullam
867 3626 1006 3689 omnino
1026 3626 1178 3708 requiem

230 3727 374 3791 habens,
421 3725 609 3808 Nunquam
625 3735 742 3789 tamen
764 3725 923 3788 noctibus
945 3724 1094 3801 locutus,
1111 3718 1179 3790 3ro.

137 3865 139 3871 ·
231 3828 397 3909 gentibus
427 3833 466 3890 ut
502 3825 677 3889 silentium
705 3824 857 3889 solveret
884 3844 953 3888 non
980 3825 1175 3906 acquievit;

230 3946 359 4008 rogans
389 3946 432 3989 ne
461 3925 688 3990 monachatus
716 3926 768 3988 sui
792 3925 995 4007 pudicitiam
1016 3923 1177 4002 libarent,

267 4135 273 4165 ¹
294 4136 325 4186 Si
343 4134 480 4184 dixerimus
499 4135 649 4184 ...veritus
665 4134 691 4182 in
712 4135 856 4195 juventute,
868 4133 896 4182 S.
911 4133 958 4194 G.;
976 4132 1080 4181 omitted
1091 4133 1117 4180 in
1128 4132 1164 4184 D.

227 4207 297 4257 nobie
307 4221 354 4255 non
365 4205 424 4267 est]
437 4209 450 4252 1
463 4205 500 4255 St.
512 4205 589 4266 John,
602 4218 620 4253 1.
630 4209 655 4266 8,
667 4207 691 4254 9.
753 4195 948 4270 ’Roguutiburl
968 4204 998 4252 C.
1018 4203 1053 4251 D.
1074 4204 1124 4264 E.;
1140 4218 1180 4252 ro·

265 4275 318 4328 ²lu
329 4274 447 4339 viscata]
470 4274 504 4324 A.
523 4273 555 4323 Ε.
576 4275 647 4338 L2.;
665 4275 692 4324 in
719 4274 838 4335 gentibus
847 4272 977 4336 iratribus,
987 4271 1021 4322 A.
1033 4272 1062 4322 S.
1075 4274 1129 4324 Η.
