3152 4970
228 497 299 545 ma.
317 477 360 562 1.]
517 489 692 543 Hlsron'm
715 487 894 544 novrum.
1114 473 1180 550 708

227 654 336 718 latum
352 660 417 718 est.
470 645 549 716 Illic
564 646 601 716 in
620 650 770 734 quodam
787 669 925 716 recessu
940 650 1095 717 eeclesiae
1107 671 1181 718 ma-

171 799 176 808 -
225 754 314 838 joris
335 753 569 817 exinteratum
592 758 657 829 est,
672 766 716 814 ne
729 747 959 816 diuturnitate
980 749 1180 834 oomupturn

230 871 332 918 nares
367 849 593 916 assidentium
621 850 678 918 vel
709 851 898 916 astantium
930 853 1179 916 exacerbaretz

229 953 384 1035 reliquiae
400 949 654 1015 interaneorum
676 949 713 1013 in
735 949 894 1014 caenobio
910 957 1041 1014 sanctae
1057 949 1181 1016 Mariae

230 1047 275 1115 de
300 1051 418 1115 Pratis
439 1050 547 1134 juxta
571 1050 692 1112 urhern
719 1049 890 1130 humatae3
919 1049 1011 1132 qnod
1032 1051 1119 1132 ipse,
1141 1057 1182 1113 ut

231 1150 348 1228 audio,
374 1162 396 1214 a
417 1150 609 1214 matresua
628 1147 842 1225 inchoatum,
855 1164 925 1212 non
947 1149 1069 1232 paucis
1088 1169 1183 1214 com-

231 1249 370 1332 pendiis·
383 1248 626 1313 honoraverat.
678 1245 814 1330 Corpus
832 1246 977 1312 Oadomi
992 1256 1183 1326 servatum,

231 1365 412 1431 quousque
434 1363 574 1412 serenas
594 1359 697 1410 auras
722 1347 828 1429 paulo
847 1344 1049 1412 clementior
1063 1346 1182 1430 hyems

230 1447 421 1525 inveheret,
437 1463 516 1529 quaa
531 1453 605 1509 tum
620 1463 745 1528 aspera
758 1445 971 1511 inhorrebat.

297 1633 345 1680 DE
367 1631 555 1680 STEPHANO
578 1630 673 1678 REGE
696 1630 736 1677 IN
759 1631 914 1680 REGNUM
937 1632 1118 1680 PROMOTO.

200 1812 202 1815 ,
285 1739 303 1823 t
326 1727 382 1804 11.
412 1737 553 1803 Interea
575 1733 773 1820 Stephanus
805 1756 920 1802 comes
944 1737 1125 1804 Moritonii
1148 1749 1344 1822 strepenti

235 1839 416 1916 Bononiae,
442 1855 551 1919 nepos
575 1837 668 1918 regis
694 1835 839 1901 Henriei
865 1835 922 1922 (ut
948 1856 1055 1920 supra
1079 1838 1184 1925 dixi),
1194 1811 1319 1900 mim

235 1940 297 2021 qui
324 1943 405 2020 post
428 1949 545 2018 regem
571 1935 699 2000 suetiae
725 1936 857 2019 primus
882 1937 1049 2001 laicorum
1081 1937 1184 2004 fidem
1195 1911 1307 1968 md*

234 2055 335 2102 suam
360 2033 571 2118 imperatrici
598 2035 845 2113 obstrinxerat,
873 2035 911 2098 in
934 2034 1100 2118 Angliam
1123 2057 1185 2122 per

235 2133 399 2202 Witsand
414 2135 603 2200 maturavit
618 2133 818 2199 adventum.
856 2133 1066 2217 Imperatrix
1080 2138 1185 2202 certis

234 2253 282 2300 ex
308 2233 435 2312 causis,
459 2234 562 2298 simul
584 2241 620 2297 et
636 2233 745 2297 frater
768 2233 845 2318 ejus
867 2229 1042 2298 Robcrtus
1068 2253 1184 2300 comes

236 2333 460 2411 Gloeeostrae,
475 2349 553 2397 cum
569 2333 728 2397 omnibus
742 2335 1057 2416 peneproceribus,
1071 2335 1184 2400 redire

234 2434 272 2497 in
286 2449 430 2516 regnum
445 2430 666 2496 distulerunt.
703 2431 874 2510 Quaedam
890 2426 1022 2497 ¹tamen
1039 2433 1184 2498 castella

235 2534 273 2596 in
306 2532 534 2610 Normannia,
560 2531 653 2596 inter
670 2547 750 2613 quae
769 2531 982 2614 praecipuum
1008 2527 1183 2596 Danfron·

235 2640 324 2709 -tum,
353 2631 511 2714 partibus
535 2629 681 2694 haeredis
707 2647 745 2694 se
776 2627 983 2713 applicuere.
1036 2629 1184 2696 Constat

236 2747 320 2796 sane
345 2729 405 2795 illo
428 2729 489 2794 die
513 2743 582 2812 qno
609 2729 808 2810 Stephanus
839 2730 1005 2812 appulsus
1027 2737 1082 2794 est
1106 2729 1183 2794 An·

153 2884 156 2889 f
234 2831 352 2912 gliam,
376 2845 511 2894 summo
533 2844 648 2905 mane,
668 2835 789 2892 contra
810 2836 970 2892 naturam
991 2827 1125 2911 hyemis
1146 2829 1184 2893 in

236 2929 436 3010 regionibus
460 2927 600 3004 nostris,
627 2927 851 3009 terricrepum
883 2945 1007 2992 sonum
1038 2928 1184 2992 tonitrui

237 3047 315 3092 cum
341 3026 513 3090 horrendo
541 3025 680 3106 fulgure
710 3025 829 3101 fuisse,
859 3032 900 3088 ut
928 3026 1035 3106 paulo
1069 3027 1183 3090 minus

236 3126 384 3189 mundus
410 3125 500 3189 solvi
525 3123 769 3187 aestimaretur.
821 3121 900 3200 Ille,
922 3124 981 3186 ubi
1004 3121 1342 3188 chordo-rnna...

237 3224 412 3288 niensibus
438 3229 475 3286 et
487 3221 789 3286 wintoniensibus
813 3220 850 3282 in
872 3238 989 3302 regem
1014 3229 1182 3305 exceptus
1194 3192 1254 3241 '¹¹³⁸'

237 3331 302 3400 est,
318 3323 423 3386 etiam
438 3320 616 3402 Rogernm
632 3319 913 3382 Salesbiriensem
928 3320 1127 3403 episcopum
1147 3327 1183 3388 et

236 3422 449 3487 Willelmum
473 3419 516 3483 de
541 3418 655 3482 Ponte
671 3416 800 3495 Arcus,
825 3419 987 3484 custodes
1002 3419 1182 3486 thesauro·

236 3541 313 3584 rum
328 3519 509 3601 regalium,
526 3516 570 3580 ad
596 3536 634 3580 se
656 3516 866 3581 transduxit.
919 3518 975 3583 Ne
991 3525 1107 3583 tamen
1122 3540 1182 3584 ve·

237 3620 322 3684 ritas
349 3619 479 3684 celetur
506 3617 666 3698 posteris,
688 3635 806 3680 omnes
828 3616 904 3700 ejus
926 3625 1071 3682 conatus
1094 3619 1183 3684 irriti

236 3719 395 3796 fuissent,
418 3716 484 3780 nisi
503 3715 679 3780 Henricus
701 3715 808 3778 frater
830 3715 918 3798 ejus,
930 3717 1183 3782 wintoniensis

235 3817 430 3900 episcopus,
453 3815 514 3898 qni
544 3809 665 3879 ²modo
700 3815 899 3898 apostolicae
927 3816 1018 3879 sedis
1045 3817 1183 3898 legatus

235 3917 349 3981 estin
368 3914 511 3998 Anglia,
535 3913 710 3998 placidum
734 3915 766 3980 ei
792 3915 1043 3980 commodasset
1063 3933 1182 3980 assen-

271 4189 405 4252 ¹Tamcu.]
425 4186 697 4248 S.C.D.Eu.1.a.;
724 4256 729 4268 .
757 4183 921 4249 'Modo.]S.
941 4184 1184 4250 unammiter
1283 4259 1287 4264 ι
1321 4229 1344 4267 t,

234 4260 339 4310 omitted
349 4260 444 4308 inEl.
722 4270 748 4303 m
761 4258 792 4306 G.
803 4257 838 4306 D.
1316 4297 1317 4304 ,
