3152 4970
256 535 324 588 n'rn.
343 523 393 603 v.]
490 541 604 589 onsrn
628 543 754 590 aneon
778 543 993 592 Anononun.
1145 531 1211 595 633

258 696 350 778 regis
373 698 512 780 obryzo.
566 697 649 763 Non
663 698 755 780 quod
770 699 828 762 ille
845 701 1020 776 obtulerit,
1038 700 1098 763 sed
1116 704 1208 783 quod

257 797 346 860 alter
368 796 581 874 invitaverit,
604 798 697 861 ultro
722 798 910 862 adhortans
935 820 979 863 ne
1005 800 1205 866 clarissimae

256 895 338 958 olim
353 895 476 979 patriae
493 915 618 961 nervos
634 897 908 962 dissimulatione
924 918 988 962 sua
1004 899 1134 963 succidi
1157 902 1204 964 si·

255 1003 361 1059 neret.
415 994 545 1059 Postea
570 1015 651 1061 vero
677 996 837 1061 simultas
868 999 959 1062 inter
989 1017 1048 1062 eos
1079 1008 1203 1064 exorta

254 1100 309 1158 est
322 1113 386 1176 pro
403 1094 598 1159 Thetbaldo
608 1096 740 1161 ‘comite
757 1097 928 1176 Blesensi,
942 1097 1013 1160 filio
1032 1097 1201 1180 Stephani

254 1193 315 1275 qui
336 1193 429 1274 apud
454 1193 641 1257 Ramulam
666 1196 837 1274 occubuit,
865 1196 957 1278 quod
984 1191 1200 1262 Thetbeldus

252 1298 435 1374 susceptus
450 1301 542 1356 esset
558 1293 734 1375 Stephano
752 1314 796 1358 ex
811 1293 927 1360 Adala
944 1295 1015 1358 filia
1031 1295 1199 1361 Willelmi

253 1391 382 1472 magni.
433 1391 506 1455 Diu
523 1393 631 1473 igitur
645 1413 691 1456 ex
704 1401 805 1475 parte
817 1395 910 1475 regis
928 1395 1037 1458 nostri
1061 1394 1198 1460 labores

252 1490 386 1555 viarum
406 1499 693 1573 consumpserunt
713 1493 842 1570 nuncii,
858 1501 897 1556 ut
911 1494 1112 1574 dignaretur
1128 1494 1197 1558 Lo-

250 1588 402 1653 dowieus
415 1589 687 1654 satisfactionem
703 1590 895 1655 Thetbaldi.
925 1590 991 1655 Ille
1004 1611 1100 1668 vero,
1116 1611 1196 1673 par-

250 1688 286 1751 vi
299 1688 429 1752 faciens
445 1709 576 1772 preces,
592 1689 823 1754 Thetbaldum
846 1692 890 1754 ab
910 1691 1101 1772 apostolico
1121 1685 1196 1754 ¹de-

250 1787 363 1852 votari
389 1787 470 1852 iecit
489 1789 590 1870 quasi
614 1797 835 1870 arrogantem
860 1798 895 1854 et
911 1789 988 1855 Deo
1014 1789 1194 1870 rebellem3

248 1887 308 1966 qui
338 1894 466 1968 praeter
493 1888 732 1951 austeritatem
759 1908 904 1966 morum,
931 1908 1008 1971 quae
1037 1889 1196 1953 omnihus

248 1985 432 2049 videbatur
447 1984 686 2064 intolerabilis,
701 1987 876 2051 ferebatur
898 1986 1074 2050 dominum
1094 2006 1195 2051 suum

245 2075 400 2164 'privare
414 2085 518 2149 avitis
532 2086 820 2167 possessionibus.
873 2085 999 2167 Itaque
1016 2080 1091 2149 ³diu
1114 2106 1194 2167 pro-

247 2182 360 2247 ductis
384 2184 584 2262 inimicitiis,
601 2204 679 2248 oum
702 2191 846 2266 uterque
860 2203 1020 2265 grossum
1034 2190 1194 2263 tumeret,

248 2302 311 2346 nee
327 2282 416 2346 alter
433 2282 532 2346 alteri
548 2276 629 2369 4pro
650 2302 800 2366 persona
821 2283 969 2358 eederet,
987 2282 1193 2346 Lodowicus

248 2378 501 2445 Normanniam
516 2383 624 2459 venit,
641 2382 805 2446 inflatiori
821 2381 976 2445 anhelitu
990 2380 1062 2444 late
1077 2383 1193 2446 omnia

245 2480 463 2543 exhauriens
516 2480 783 2544 Nunciahantur
804 2481 879 2543 haec
902 2480 989 2561 regi,
1015 2479 1074 2562 qui
1100 2480 1193 2561 apud

246 2578 480 2660 Rotomagum
495 2596 533 2641 se
552 2580 764 2657 continebat,
780 2573 885 2643 ⁵adeo
902 2585 942 2641 ut
958 2579 1084 2659 vulgus
1102 2577 1192 2641 rnili-

245 2683 318 2740 tum
332 2697 433 2742 aures
447 2677 523 2760 ejus
538 2676 736 2757 infestaret;
751 2684 929 2760 pateretur
939 2677 1060 2758 repelli
1076 2675 1191 2740 Lodo·

245 2777 380 2853 wicum,
395 2776 568 2840 hominem
594 2776 781 2858 aqualiculi
797 2776 948 2858 pondere
964 2775 1047 2852 olim
1062 2774 1191 2839 lectum

244 2874 430 2952 foventem,
444 2874 504 2938 sed
527 2895 619 2938 nune
636 2894 699 2957 pro
713 2873 987 2956 dissimulatione
1003 2875 1105 2937 minis
1128 2893 1190 2936 au-

244 2991 302 3036 ras
325 2981 535 3038 onerantem.
600 2972 678 3050 Ille,
703 2974 839 3054 paterni
872 2991 1002 3036 memor
1027 2973 1190 3055 exempli,

243 3070 439 3136 fatuitatem
454 3071 581 3134 Franci
604 3071 775 3151 patientia
797 3069 999 3146 extundere,
1017 3088 1121 3150 quam
1136 3070 1190 3133 vi·

241 3171 336 3232 ribus
351 3165 529 3252 repellere,
544 3168 706 3231 malebat.
759 3167 959 3245 Quinetiam
979 3167 1105 3229 milites
1130 3167 1189 3230 be-

241 3268 347 3348 nigne
363 3266 570 3349 appellando
587 3265 653 3330 hae
669 3265 804 3328 ratione
818 3265 1012 3328 mulcebat:
1037 3263 1119 3329 Non
1130 3265 1189 3328 de·

241 3367 322 3430 bere
349 3359 444 3428 ⁶illos
477 3364 595 3427 mirari
623 3365 654 3427 si
676 3364 855 3445 sanguinis
880 3383 998 3427 eorum
1023 3362 1189 3445 prodigus

241 3485 318 3529 esse
343 3470 495 3540 caveret,
511 3481 598 3545 quos
620 3464 686 3528 sibi
701 3463 820 3526 fideles
837 3482 906 3527 non
922 3462 1066 3526 modicis
1083 3481 1190 3545 expe·

242 3564 398 3627 rimentis
416 3563 655 3646 approbasset.
708 3562 858 3644 Impium
882 3580 971 3638 esse,
986 3568 1037 3638 ut,
1053 3560 1098 3624 ad
1111 3580 1190 3642 reg-

241 3682 324 3725 num
346 3662 412 3726 sibi
437 3662 641 3746 parandum,
669 3680 787 3725 eorum
814 3659 984 3742 glorietur
1008 3659 1188 3738 mortibus,

275 3945 435 4010 ¹Dwotori.]
457 3946 490 3996 A.
505 3947 641 4009 0.1‹:.1..;
658 3946 701 3995 de·
762 3943 856 4005 ⁴Pro.]
883 3942 916 3992 A.
929 3941 958 3992 S.
973 3943 1003 3991 C.
1019 3941 1055 3990 D.
1074 3941 1097 3988 E
1104 3943 1129 3990 i.
1141 3941 1190 4004 L.;

238 4018 330 4079 notari,
341 4017 370 4066 S.
379 4017 415 4064 D.
726 4014 830 4071 omitted
841 4015 866 4061 in
879 4013 903 4060 E
910 4016 934 4062 1.

276 4085 424 4148 'Priearel
441 4083 475 4133 A.
496 4084 526 4134 C.
545 4083 581 4133 D.
599 4081 633 4132 Ε.
653 4082 701 4142 L.;
763 4080 850 4132 ‘Adeo
866 4081 916 4144 ut]
933 4079 966 4130 A.
978 4080 1014 4127 D.
1027 4079 1099 4138 El.;
1116 4078 1191 4140 adeo,

239 4157 367 4217 fraudere,
379 4154 408 4204 S.
728 4153 752 4201 E
758 4155 782 4200 2.
795 4151 866 4210 L2.;
883 4149 976 4211 quoad,
987 4149 1016 4197 S.
1024 4161 1032 4207 3
1050 4148 1093 4207 ad,
1106 4148 1135 4204 C,

272 4223 283 4257 ³
305 4224 381 4288 Diu]
405 4222 439 4272 A.
453 4223 481 4272 S.
496 4223 525 4272 C.
534 4223 570 4271 D.
583 4221 639 4270 El.
651 4221 701 4279 L.;
762 4217 881 4283 ⁶Illae]
904 4218 938 4268 Δ.
960 4219 994 4267 D.
1016 4218 1049 4266 E.
1069 4216 1100 4265 L.
1108 4230 1116 4277 ;
1139 4229 1192 4277 eos,

239 4295 343 4345 omitted
353 4294 448 4343 inEl.
729 4290 757 4339 S.
774 4290 804 4338 c.
