3148 4982
248 468 399 547 maru]
477 483 590 532 cussa
615 485 740 533 aucun
766 485 980 534 suenorum
1133 473 1199 537 487

248 641 376 703 multos
393 640 513 703 eodem
537 659 680 704 susurro
702 640 841 705 iniecit:
870 642 1025 706 Roberto
1053 663 1196 724 regnum

248 746 453 820 competere,
468 740 527 821 qui
551 741 597 802 sit
620 746 655 802 et
677 741 882 804 remissioris
906 743 1023 818 animi,
1041 750 1077 806 et
1093 743 1197 826 juve-

248 839 335 901 niles
363 839 532 902 stultitias
555 838 673 902 multis
693 839 768 921 jam
791 840 967 903 laboribus
995 842 1193 922 decoxerit3

245 937 336 999 hunc
352 937 499 1001 delicate
514 938 694 1014 nutritum,
712 939 818 1001 animi
835 939 964 1002 ferocia
977 939 1100 1026 (quam
1117 943 1194 1005 vul·

245 1043 301 1098 tus
322 1037 398 1118 ipse
420 1034 649 1121 demonstret)
667 1037 920 1119 praetumidum,
939 1040 1055 1102 omnia
1071 1047 1194 1104 contra

245 1134 299 1197 ias
326 1142 362 1198 et
380 1137 441 1218 jus
464 1155 649 1215 ausurum3
672 1137 770 1199 brevi
796 1136 951 1199 futurum
976 1146 1016 1200 ut
1047 1137 1193 1202 honores

240 1233 445 1315 jamdudum
476 1232 635 1315 plurimis
659 1235 842 1298 sudoribus
865 1241 984 1315 partos
1006 1237 1193 1316 amittant;

246 1331 332 1395 nihil
359 1340 475 1395 actum
503 1340 613 1396 morte
642 1334 765 1416 patris,
792 1334 822 1395 si
848 1352 935 1414 quos
959 1334 1018 1396 ille
1042 1335 1194 1400 vinxerit

243 1429 309 1494 iste
345 1431 503 1494 trucidet.
573 1430 662 1494 Haec
700 1432 787 1513 ipse,
826 1431 900 1494 haec
938 1432 1112 1513 Rogerius
1144 1435 1193 1497 'de

244 1528 365 1593 Monte
382 1529 579 1606 Gomerico,
596 1529 671 1593 haec
688 1523 894 1593 ¹Gaufridus
913 1529 1191 1596 constantiensis

242 1628 425 1710 episcopus
458 1647 536 1690 cum
568 1636 694 1710 nepote
728 1628 883 1693 Roberto
918 1630 1043 1692 comite
1076 1629 1187 1694 Hum-

242 1727 429 1804 brensium,
456 1733 491 1791 et
519 1746 597 1790 cum
629 1727 782 1808 reliquis,
810 1729 922 1810 primo
949 1729 1039 1792 clam
1065 1730 1188 1794 freme-

240 1825 347 1904 bant3
379 1833 459 1906 post
481 1826 587 1888 etiam
611 1826 740 1908 palam,
765 1845 828 1908 per
854 1827 1050 1891 veredarios
1073 1830 1188 1892 missis

241 1924 409 2004 epistolis,
424 1925 702 2007 frequentabant.
755 1924 850 2003 Quin
872 1926 976 1989 etiam
993 1926 1189 1991 Willelmus

241 2022 485 2088 Dunelmensis
509 2024 702 2107 episcopus,
721 2044 822 2106 quem
846 2045 908 2088 rex
926 2045 948 2088 a
962 2026 1104 2091 secretis
1126 2027 1189 2091 ha-

242 2121 376 2200 buerat,
401 2125 438 2187 in
469 2143 586 2187 eorum
613 2123 792 2206 perfidiam
821 2133 1059 2204 concesserat3
1096 2127 1188 2207 quod

240 2223 396 2303 graviter
417 2243 533 2305 regem
555 2223 677 2287 tulisse
698 2223 824 2299 ferunt,
842 2223 936 2304 quia,
950 2243 1029 2286 cum
1051 2224 1187 2288 amissae

239 2321 418 2386 charitatis
457 2323 649 2406 dispendio,
685 2329 892 2386 remotarum
932 2323 1188 2404 provinciarum

239 2418 472 2485 frustrabatur
498 2422 713 2505 compendio.
767 2421 893 2504 Itaque
924 2421 1001 2485 odo
1032 2422 1185 2503 praedam

239 2537 373 2583 omnem
397 2520 645 2585 Rovecestram
672 2522 923 2602 comportabat,
946 2521 1062 2602 regios
1084 2520 1185 2585 fiscos

238 2616 275 2680 in
300 2618 427 2684 Cantia
453 2620 657 2696 devastans,
693 2621 844 2684 maxime
873 2627 984 2684 terras
1016 2616 1185 2703 archiepi-

238 2719 355 2799 scopi¹3
377 2719 571 2783 immortale
592 2721 629 2785 in
652 2739 728 2783 eum
752 2719 869 2784 odium
889 2720 1068 2797 anhelans,
1092 2720 1184 2802 quod

239 2815 315 2897 ejus
341 2819 485 2883 consilio
511 2838 533 2882 a
558 2819 665 2883 fratre
695 2839 733 2884 se
759 2820 796 2882 in
821 2819 961 2883 vincula
990 2819 1184 2902 conjectum

238 2918 425 2981 asserebat.
477 2918 545 2982 Sed
567 2939 631 2982 nec
658 2919 743 2982 fides
765 2919 948 2982 verborum
975 2918 1183 2981 vacillabat:

237 3032 317 3076 nam
340 3035 418 3079 cum
441 3017 522 3080 olim
540 3018 737 3083 Willelmus
760 3018 875 3080 senior
894 3017 988 3098 apud
1013 3015 1184 3080 Laufran·

237 3131 316 3174 cum
338 3122 539 3196 quereretur
561 3134 599 3177 se
628 3133 649 3176 a
670 3115 777 3177 fratre
793 3114 916 3190 deseri,
933 3114 1022 3176 ‘Tu’
1036 3110 1185 3198 (inquit)

238 3213 387 3293 ‘prende
417 3232 495 3274 eum
527 3219 563 3274 et
591 3210 706 3273 vinci.'
758 3211 834 3274 ‘Et
857 3211 963 3292 quid,'
989 3209 1185 3294 (respondit

236 3308 327 3392 ille‚)
343 3311 446 3392 ‘quia
470 3309 615 3372 clericus
633 3308 727 3372 estt'
779 3308 878 3371 Tunc
896 3308 1185 3392 archiepiscopus,

273 3549 431 3612 ¹Guafn'dus
443 3549 637 3599 emerentianis
647 3549 698 3611 epi·
726 3548 826 3598 scribed
848 3562 877 3596 as
896 3547 1113 3598 ‘Constantiensis
1132 3550 1187 3611 epi·

237 3622 344 3685 mapsa]
370 3619 490 3680 Geoiirey
506 3619 539 3668 de
561 3619 698 3679 Montbray
725 3619 844 3680 scopus3'
865 3618 911 3666 but
928 3617 954 3664 in
972 3631 1020 3665 one
1038 3619 1111 3679 place
1128 3617 1184 3684 (fol.

236 3693 338 3742 became
357 3689 448 3751 bishop
469 3689 499 3739 oi
518 3689 647 3738 Coutance
671 3688 698 3737 in
726 3688 784 3752 165)
796 3687 862 3736 heis
879 3686 962 3736 called
974 3687 1135 3750 ‘Episcopus
1152 3689 1184 3738 de

239 3764 312 3810 1048.
348 3760 390 3808 He
403 3774 458 3808 was
469 3758 701 3820 chiefjustioiarof
723 3758 816 3806 Sancto
827 3755 934 3818 Laudo,'
942 3755 993 3821 (St.
1001 3756 1184 3818 Lo,atovvnin

237 3828 364 3892 England,
385 3829 435 3878 and
460 3828 579 3890 presided
606 3831 633 3876 at
655 3827 698 3876 the
723 3827 813 3875 Lovver
831 3821 1003 3890 Normsndy,)
1016 3826 1076 3887 end,
1093 3840 1184 3889 among

237 3904 308 3961 great
329 3899 388 3946 trial
406 3900 432 3946 in
451 3898 493 3946 the
515 3901 608 3957 county
625 3902 698 3945 court
722 3897 764 3945 the
775 3897 908 3944 witnesses
919 3900 944 3944 to
957 3909 973 3943 a
984 3894 1083 3944 charter
1099 3900 1184 3957 graut-

211 4003 213 4008 ,
237 3969 296 4017 held
315 3973 342 4017 at
359 3967 505 4016 Pinendene
523 3968 550 4014 in
561 3968 639 4028 Kent,
655 3967 697 4016 be-
721 3966 754 4014 ed
773 3967 807 4027 by
818 3964 860 4013 the
872 3965 1019 4025 Conqueror
1033 3969 1060 4013 to
1077 3965 1114 4014 St.
1126 3965 1183 4012 Au-

236 4043 318 4087 tween
341 4037 471 4086 Laulrank
493 4036 643 4097 archbishop
671 4036 701 4086 of
721 4035 843 4097 gustine's
864 4038 1008 4094 monastery
1029 4037 1056 4082 at
1078 4033 1185 4083 Canter-

235 4108 402 4168 Canterbury‚
421 4107 472 4156 and
489 4105 547 4155 Odo
564 4105 654 4166 bishop
671 4106 700 4154 of
720 4106 795 4166 bury,
811 4106 833 4153 is
857 4104 1019 4164 ‘Episcopus
1042 4103 1183 4165 Golfrydus

236 4179 345 4227 Baieux.
377 4177 419 4224 He
431 4176 491 4224 died
501 4175 546 4224 ath
553 4175 613 4224 Feb.
624 4179 695 4224 1098.
721 4175 752 4222 de
764 4176 842 4236 Seynt
855 4172 938 4222 Loth!

235 4247 266 4294 In
288 4246 435 4307 Domesday
459 4245 531 4293 Book
553 4244 584 4292 he
607 4246 629 4293 is
652 4245 696 4292 de·
1000 4315 1015 4360 Ἃ
1062 4315 1078 4361 2

1028 4321 1044 4360 s
