3152 4970
227 636 312 674 contrat
321 634 346 674 ol

228 686 290 733 sup.
299 685 356 724 Han.

387 437 454 503 660
597 453 711 502 casm
734 451 861 503 nacon
886 453 1098 502 nnunonuu.
1200 439 1285 519 [mn.
1303 455 1337 501 v.

389 609 621 687 concedimus,
642 617 679 675 et
704 582 884 692 praesentis
907 609 1080 692 privilegii
1101 609 1231 692 pagina
1255 615 1338 673 con-

228 735 254 772 v.
263 734 363 783 vitione
389 707 577 787 firmamus,
601 716 641 772 ut
665 711 764 791 regni
787 711 840 773 tui
869 708 1041 791 episcopis
1063 709 1120 772 vel
1142 709 1338 786 abbatibus

229 784 345 834 Papam.

387 808 507 885 libere,
530 815 658 891 praeter
674 809 875 872 violentiam
903 808 959 872 vel
987 807 1181 890 symoniam
1201 807 1335 884 electis,

388 906 629 972 investituram
649 907 757 989 virgae
779 914 816 972 et
837 907 956 971 annuli
977 907 1157 987 conferas;
1183 914 1264 989 post
1284 907 1337 968 in-

390 1007 581 1071 vestionem
595 1025 678 1070 vero
700 1008 864 1070 canonice
889 1006 1184 1070 consecrationem
1207 1006 1335 1088 accipi·

390 1111 451 1168 ant
476 1106 521 1168 ab
545 1106 708 1188 episcopo
732 1106 777 1169 ad
802 1125 903 1188 quem
929 1105 1146 1187 pertinuerit.
1197 1105 1234 1169 Si
1257 1105 1334 1186 quis

390 1210 506 1268 autem
520 1224 544 1268 a
556 1205 648 1268 clero
666 1203 717 1268 vel
732 1205 873 1287 populo,
890 1211 1020 1287 praeter
1031 1223 1210 1268 assensum
1224 1210 1334 1280 tuum,

390 1303 521 1367 electus
546 1303 662 1379 fucrit,
700 1303 767 1366 nisi
790 1323 812 1367 a
838 1310 873 1367 te
907 1303 1125 1379 investiatur,
1152 1321 1173 1366 a
1200 1303 1335 1366 nemine

390 1410 630 1481 consecratum
653 1403 809 1484 exceptis
824 1403 985 1465 nimirum
1000 1402 1070 1465 illis
1085 1403 1145 1484 qui
1158 1402 1215 1466 vel
1229 1402 1266 1464 in
1280 1421 1335 1464 ar-

390 1500 746 1583 chiepiscoporumvcl
755 1502 791 1564 in
801 1500 951 1567 Romani
960 1501 1133 1583 pontilicis
1142 1500 1255 1565 solent
1265 1500 1334 1563 dis-

390 1599 561 1681 positione
576 1599 776 1664 consistere.
817 1601 909 1664 Sane
926 1599 1175 1683 archiepiscopi
1186 1600 1245 1679 ,vel
1262 1601 1333 1682 epi*

391 1698 487 1780 scopi
503 1698 697 1762 libertatem
712 1698 864 1763 habeant
877 1719 899 1762 a
914 1706 949 1762 te
961 1699 1144 1763 investitos
1154 1699 1335 1781 episcopos

392 1797 447 1860 vcl
463 1798 606 1860 abbates
619 1798 785 1861 canonice
798 1797 1021 1862 consecrandi
1034 1817 1042 1861 :
1065 1799 1335 1881 praedecessores

391 1895 482 1958 enim
507 1895 615 1960 vestri
639 1896 803 1960 ecclesias
827 1899 926 1979 regni
949 1897 1004 1960 sni
1029 1897 1137 1960 tantis
1166 1897 1334 1978 regalium

392 2013 532 2058 suorum
552 1995 726 2058 beneficiis
748 1996 970 2078 ampliarunt,
989 2003 1029 2059 ut
1053 2015 1197 2077 regnum
1220 1995 1334 2078 ipsum

394 2085 560 2158 ¹maxime
598 2095 836 2177 cpiscoporum
874 2095 930 2159 vel
964 2095 1129 2160 abbatum
1165 2094 1335 2177 praesidiis

391 2200 551 2275 oporteat
574 2194 789 2271 communiri,
818 2201 855 2258 ct
883 2194 1068 2276 populares
1092 2194 1336 2270 dissensiones

391 2311 471 2375 qnae
498 2293 535 2356 in
557 2292 676 2357 electis
693 2293 851 2356 omnibus
873 2312 967 2376 saepe
988 2294 1207 2375 contingunt,
1226 2292 1336 2374 regali

391 2398 550 2474 oporteat
564 2391 749 2475 majestate
768 2391 952 2475 compesci.
1004 2390 1236 2470 Quamobrem
1252 2412 1333 2474 pru-

390 2490 518 2554 dentiae
539 2497 609 2554 tuae
626 2497 662 2554 et
677 2493 843 2573 potestati
860 2511 944 2556 cura
959 2492 1061 2555 debet
1074 2490 1256 2555 sollicitius
1270 2491 1334 2552 im·

391 2590 533 2666 minere,
558 2596 599 2653 ut
616 2590 786 2654 Romanae
809 2590 963 2655 ecclesiae
986 2590 1200 2671 magnitudo,
1217 2597 1253 2654 et
1267 2609 1335 2652 cae-

391 2694 543 2753 terarum
558 2688 665 2765 salua,
682 2690 764 2765 tuis,
779 2689 930 2754 Domino
947 2695 1147 2772 praestante‚
1161 2689 1334 2753 beneficiis

391 2792 427 2849 ct
452 2787 604 2850 servitiis
625 2793 859 2851 conservetur.
924 2788 962 2852 Si
985 2807 1055 2871 qua
1071 2781 1172 2870 ²ergo
1196 2788 1335 2852 ecclesi-

390 2884 501 2949 astica
517 2884 574 2949 vel
588 2886 755 2950 secularis
770 2905 930 2969 persona,
949 2888 1039 2952 hanc
1052 2895 1180 2952 nostrae
1195 2903 1336 2951 conces-v

390 2984 496 3051 sionis
510 2984 674 3067 paginam
689 2987 813 3063 scienS,
824 2994 945 3050 contra
960 3007 1037 3050 eam
1052 2986 1232 3051 temerario
1247 3005 1335 3050 ausu

389 3083 508 3149 venire
524 3086 723 3162 tentaverit,
741 3085 970 3150 anathematis
984 3086 1137 3163 vinculo,
1161 3085 1227 3149 nisi
1251 3086 1335 3149 resi·

390 3184 515 3265 puerit,
538 3183 736 3261 innodetur,
763 3185 971 3267 honorisque
996 3205 1037 3250 ac
1058 3183 1240 3267 dignitatis
1263 3204 1336 3247 suae

390 3283 579 3364 periculum
592 3284 765 3366 patiatur;
781 3286 1004 3350 observantes
1021 3291 1137 3350 autem
1148 3284 1223 3347 haec
1234 3285 1337 3348 mise-

389 3382 539 3446 ricordia
562 3383 681 3447 divina
705 3384 892 3462 custodiat,
917 3391 953 3448 et
977 3402 1160 3466 personam
1183 3389 1337 3464 potesta-

390 3487 529 3563 temque
546 3487 642 3544 tuam
667 3482 711 3545 ad
733 3482 898 3546 honorem
921 3503 1020 3547 suum
1042 3489 1078 3546 et
1099 3482 1246 3564 gloriam
1263 3481 1338 3546 seli·

390 3579 476 3642 citer
489 3580 657 3662 imperare
672 3581 862 3645 concedat!

443 3677 562 3761 §dha
591 3679 741 3746 Peracto
767 3681 885 3762 itaque
913 3685 987 3744 toto
1018 3680 1128 3762 ipsius
1157 3699 1337 3744 consecra-⁴

390 3775 494 3841 tionis
506 3775 628 3856 officio,
643 3779 854 3860 apostolicus
877 3786 913 3844 et
935 3780 1134 3862 imperator,
1148 3778 1337 3862 complexis

389 3875 535 3941 invicem
564 3877 710 3955 dextris
732 3878 871 3943 iverunt
893 3898 971 3942 cum
993 3879 1120 3943 celebri
1142 3897 1270 3961 pompa
1292 3878 1336 3940 ad

423 4151 432 4185 ¹
445 4157 578 4218 Maxima]
596 4156 629 4206 A.
648 4156 678 4205 S.
696 4159 727 4209 0.
743 4158 779 4208 D.
791 4160 816 4207 Ε
823 4163 850 4209 2.
911 4155 1023 4222 ²Ergo.]
1036 4160 1060 4207 E
1070 4163 1093 4211 l.
1102 4159 1207 4222 figitur,
1217 4157 1251 4208 A.
1264 4159 1292 4210 S.
1307 4161 1336 4210 C.

388 4225 459 4287 Ln.;
476 4227 580 4275 omitted
591 4226 617 4276 in
630 4228 686 4277 El.
875 4229 910 4279 D.
923 4227 979 4280 Etr
991 4229 1045 4278 lai.
