3140 4974
409 457 475 523 628
630 471 743 519 casua
768 469 892 518 nneuu
917 467 1130 516 Auenonuu.
1221 453 1306 533 [nra.
1328 469 1363 517 v.

411 629 538 692 riarum
562 627 706 691 relatum
729 635 781 690 est
806 631 914 689 tantae
938 624 1134 688 sanctitatis
1160 633 1230 688 tros
1253 624 1361 688 fuisse

410 727 540 809 pariter
561 745 660 807 reges
685 733 720 789 et
740 725 876 802 fratreS,
895 730 1059 787 maternae
1081 723 1220 806 pietatis
1240 731 1361 787 nectar

410 826 626 904 redolentes;
665 844 814 907 namque
846 829 974 907 praeter
997 823 1110 886 victus
1141 823 1358 905 parcitatem,

411 925 705 1006 eleemosynarum
730 923 876 1004 copiam,
890 923 1086 985 orationum
1108 920 1360 999 assiduitatem,

410 1023 461 1086 ita
476 1023 702 1087 domesticum
720 1023 858 1102 regibus
874 1020 997 1085 vitium
1013 1018 1202 1097 evicerunt,
1215 1028 1255 1084 ut
1272 1040 1361 1083 nun-

412 1141 517 1204 qnam
541 1122 673 1185 seratur
697 1121 733 1185 in
759 1139 877 1183 eorum
901 1118 1073 1182 thalamos
1096 1119 1163 1182 nisi
1188 1119 1360 1200 legitimas

412 1240 539 1285 uxores
561 1222 642 1297 isse,
665 1240 728 1283 nec
750 1239 867 1282 eorum
887 1235 1084 1300 quenquam
1107 1217 1272 1299 pellicatu
1297 1218 1360 1282 ali-

413 1339 483 1402 quo
515 1319 715 1402 pudicitiam
752 1318 987 1382 contristasse.
1055 1316 1158 1380 Solus
1192 1316 1259 1380 fuit
1292 1317 1362 1380 Ed·

414 1417 562 1481 mundus
585 1418 788 1499 Margaritae
814 1416 907 1479 filius
929 1435 951 1478 a
975 1416 1065 1479 bono
1089 1415 1258 1496 degener3
1289 1417 1361 1498 qui,

416 1516 613 1581 Duvcnaldi
642 1517 758 1599 patrui
789 1516 952 1597 nequitiae
985 1514 1169 1596 particeps,
1199 1513 1361 1579 fraternae
1442 1532 1446 1537 ’

417 1635 486 1679 non
507 1615 637 1678 inscius
659 1615 753 1678 necis
774 1615 891 1691 luerit,
905 1619 1028 1696 pactus
1043 1614 1175 1677 scilicet
1189 1613 1287 1695 regni
1309 1614 1362 1676 di-

417 1713 578 1778 midium:
603 1714 664 1778 sed
677 1721 813 1795 captus,
826 1721 863 1777 et
878 1712 1053 1795 perpetuis
1067 1713 1289 1794 compedibus
1303 1712 1363 1776 de·

418 1819 545 1890 tentus,
563 1813 711 1895 ingenue
728 1813 911 1895 poenituit;
928 1818 975 1888 et,
990 1813 1033 1874 ad
1046 1819 1192 1876 mortem
1207 1812 1362 1889 veniens,

416 1931 495 1975 cum
520 1912 605 1994 ipsis
629 1913 777 1976 vinculis
809 1931 848 1975 se
877 1911 1042 1975 tumulari
1068 1911 1257 1988 mandavit,
1283 1930 1364 1993 pro·

417 2009 529 2074 fessus
545 2031 583 2074 se
599 2012 740 2093 plexum
756 2011 877 2076 merito
891 2030 955 2092 pro
969 2008 1150 2073 fratricidii
1164 2009 1302 2074 delicto.

305 2145 364 2184 mu
468 2110 576 2193 §aba
600 2110 804 2175 Wallenses·
820 2128 882 2173 rex
897 2108 1085 2185 Henricus,
1100 2127 1235 2191 semper
1249 2110 1286 2178 in
1308 2128 1363 2172 re·

370 2197 383 2225 ⁶
417 2209 598 2273 bullionem
629 2216 824 2291 surgentes,
852 2209 980 2273 crebris
1019 2207 1297 2289 expeditionibus
1326 2209 1363 2270 in

416 2308 625 2374 deditionem
647 2309 845 2391 premebat3
868 2305 1081 2388 consilioque
1101 2306 1231 2369 salubri
1245 2308 1363 2384 nixus,

417 2414 589 2471 uteorum
613 2415 783 2472 tumorem
806 2413 1023 2482 extenuaret,
1043 2405 1273 2469 Flandrenses
1289 2425 1364 2469 om-

418 2525 479 2568 nes
499 2504 639 2588 Angliae
665 2506 802 2570 accolas
827 2525 867 2569 eo
889 2505 1056 2569 traduxit.
1110 2503 1234 2568 Plures
1260 2505 1364 2582 enim,

301 2651 304 2658 .
418 2605 477 2687 qui
494 2611 648 2686 tempore
668 2605 777 2686 patris
799 2624 863 2686 pro
885 2611 1042 2667 materna
1058 2595 1264 2684 cognatione
1281 2624 1365 2668 con-

257 3416 312 3455 ΑΒ.
324 3417 383 3481 llll.

418 2703 604 2780 fluxerant,
621 2705 818 2768 occultabat
836 2701 978 2784 Anglia,
998 2703 1084 2766 adeo
1106 2709 1146 2766 ut
1167 2703 1235 2784 ipsi
1256 2722 1364 2784 regno

417 2821 481 2884 pro
502 2801 722 2865 multitudine
742 2803 878 2865 onerosi
894 2801 1110 2880 viderentur3
1136 2796 1365 2883 ¹quap1opter

417 2919 495 2963 cum
521 2901 724 2964 substantiis
750 2908 785 2963 et
815 2901 1125 2964 necessitudinibus
1153 2900 1245 2982 apud
1277 2901 1364 2978 Ros,

418 2999 631 3082 provinciam
646 2999 867 3076 Walliarum,
893 2999 990 3063 velut
1014 2999 1050 3061 in
1075 3000 1246 3062 sentinam
1280 3019 1363 3063 con-

418 3099 538 3180 gessit,
555 3107 595 3162 ut
617 3106 652 3162 et
674 3119 819 3181 regnum
840 3098 1037 3175 defaecaret,
1052 3104 1088 3161 et
1110 3096 1260 3162 hostium
1282 3100 1364 3162 bru-

418 3205 491 3262 tam
506 3198 734 3262 temeritatem
749 3198 958 3262 retunderet.
1002 3196 1036 3259 N
1039 3216 1078 3260 ec
1094 3216 1135 3260 eo
1152 3197 1265 3260 secius
1281 3197 1365 3262 illuc

418 3298 673 3380 expeditionem
698 3318 762 3379 pro
787 3305 977 3379 temporum
1003 3296 1261 3379 opportunitate
1286 3296 1368 3359 diri·

420 3398 546 3477 gebat3
569 3396 606 3458 in
625 3415 771 3478 quarum
796 3414 877 3471 una,
902 3394 1071 3457 incertum
1098 3394 1198 3477 cnjus
1221 3395 1368 3459 audacia

420 3495 554 3557 eminus
577 3495 781 3572 insidianti,
795 3493 963 3556 arundine
984 3493 1174 3574 impetitus,
1199 3494 1305 3574 probe
1331 3502 1366 3558 et
1459 3557 1465 3564 ,

415 3592 562 3674 pulchre
582 3594 705 3670 evasit,
721 3592 868 3656 fideliter
881 3593 1031 3672 hamatae
1047 3591 1199 3654 thoracis
1225 3593 1366 3676 adjutus

419 3690 598 3768 beneficio,
614 3699 650 3755 et
671 3692 774 3755 simul
794 3691 972 3773 perfidiam
989 3689 1178 3753 frustrante
1194 3690 1262 3754 Dei
1283 3712 1367 3756 con-

420 3789 510 3853 silio.
563 3790 631 3854 Sed
649 3810 712 3854 nec
727 3798 810 3854 tunc
833 3796 954 3854 auctor
970 3789 1031 3852 teli
1046 3789 1202 3874 eminuit,
1218 3809 1281 3853 nec
1303 3810 1367 3853 un-

420 3909 524 3971 quam
539 3897 661 3970 postea
677 3889 881 3970 investigari
896 3888 1018 3964 valuit,
1036 3887 1194 3971 quamvis
1215 3888 1273 3951 ille
1293 3897 1366 3953 sta·

420 3989 482 4051 tim
507 4008 576 4052 non
601 3986 797 4052 haesitasset
812 3988 937 4064 dicere,
954 3988 1120 4068 sagittam
1142 4006 1212 4050 non
1235 4006 1256 4049 a
1281 4007 1367 4069 quo-

511 4233 519 4266 ¹
534 4236 707 4302 Quapropterq
721 4237 750 4286 C.
762 4237 798 4285 D.
808 4235 858 4296 Ε.;
876 4241 1029 4297 quapropter
1039 4248 1135 4296 omnes,
1145 4232 1179 4284 A.
1193 4234 1222 4282 S.
1235 4235 1265 4283 L.
