3140 4974
401 493 468 559 606
622 509 736 558 uusrs
760 507 887 557 ancon
910 506 1125 555 saeuorum,
1198 491 1285 572 [mn.
1301 507 1352 554 1v.

238 687 368 727 amtor
402 665 497 728 nium
522 663 636 728 foedus
656 663 755 747 jecit.
807 663 1047 727 Veruntamen
1069 669 1151 727 ante
1173 665 1352 744 praestitu-

241 737 361 786 ffl'md‘
401 771 475 827 tum
495 764 679 826 terminum
700 781 772 844 pax
794 769 899 844 rupta
922 769 998 841 est;
1025 761 1237 844 deprehenso
1258 764 1352 827 intra

401 862 581 926 castellum
606 861 757 944 quodam
781 861 954 943 oppidano
979 880 1057 924 cum
1083 860 1234 943 pugione
1258 864 1351 926 toxi-

401 969 492 1038 cato,
516 979 618 1044 quem
641 961 705 1023 sub
727 960 872 1024 foemore
897 960 1106 1024 occuluerat.
1157 959 1248 1023 Tum
1270 981 1351 1044 pro-

401 1059 492 1124 lecto
508 1059 737 1142 Tripolitanae
745 1060 901 1124 victoriae
918 1077 1114 1141 supremam
1129 1077 1268 1124 manum
1283 1061 1348 1123 im-

240 1181 290 1270 pp
300 1180 354 1270 133⁵
400 1160 585 1241 posuisset,
607 1159 672 1221 nisi
694 1159 911 1241 propediem
933 1176 1025 1222 mors
1047 1158 1234 1222 adveniens
1257 1179 1348 1241 prae·

289 1258 295 1269 ‘
357 1258 362 1269 '
400 1259 509 1322 sentis
526 1259 609 1323 vitae
634 1257 792 1340 spiritum
815 1257 1038 1321 subduxisset
1053 1257 1209 1338 ingentia
1230 1264 1350 1338 partu-

400 1359 555 1421 rientem.
623 1355 732 1440 Cujus
766 1363 876 1419 morte
911 1356 1042 1432 audita,
1073 1346 1269 1420 Willelmus
1305 1358 1347 1422 de

402 1455 525 1520 Monte
552 1449 774 1531 ¹Pessulano,
805 1462 841 1518 et
869 1455 986 1519 caeteri
1016 1454 1120 1517 duces
1147 1455 1347 1540 provinciae,

400 1554 613 1619 Willelmum
635 1554 866 1635 peregrinum,
883 1573 985 1636 quem
1007 1553 1043 1616 in
1068 1553 1145 1636 ipsa
1169 1554 1346 1619 obsidione

400 1672 445 1717 ex
478 1652 641 1735 Hispana
670 1659 882 1734 susceperat,
911 1647 1158 1734 ²quadrimum,
1197 1655 1344 1735 patriam

399 1752 635 1816 devehendum
659 1753 837 1828 curarunt,
864 1751 1013 1815 sollicita
1035 1753 1188 1815 omnium
1216 1771 1278 1833 spe
1308 1754 1346 1816 in

399 1851 651 1915 successionem
668 1850 895 1914 educandum.
933 1850 1010 1914 Nee
1022 1852 1153 1914 invitus
1169 1851 1347 1914 Bertram-

399 1969 465 2014 nus
481 1944 640 2027 ³sactum,
663 1951 823 2032 quamvis
846 1969 884 2012 se
908 1949 1116 2027 inconsulto,
1139 1949 1285 2027 audivit,
1306 1957 1346 2014 ut
1449 2021 1452 2025 ,

399 2057 562 2132 paternas
577 2049 722 2114 adoreas
746 2049 968 2112 instauraret.
1019 2049 1146 2131 Itaque
1166 2050 1348 2112 innumero

399 2151 595 2214 succinctus
624 2148 745 2226 milite,
773 2149 1015 2231 praecipueque
1043 2146 1278 2212 Januensibus
1312 2155 1347 2212 et

400 2247 554 2326 Pizanis,
568 2249 627 2330 qui
651 2249 693 2312 de
715 2247 874 2330 conjugis
896 2246 1102 2328 cognatione
1116 2255 1228 2324 erant,
1244 2248 1345 2310 anni·

399 2349 564 2425 tentibus,
578 2347 746 2430 Tripolim
773 2355 866 2410 terra
889 2348 1044 2429 marique
1071 2365 1258 2428 aggressus
1281 2354 1345 2424 est,

399 2447 631 2528 diuturnaque
648 2446 824 2510 obsidione
835 2445 980 2509 fractam
995 2447 1032 2509 in
1048 2453 1257 2528 potestatem
1268 2446 1345 2509 red-

237 2562 292 2602 sa
303 2563 359 2605 nn.
398 2547 482 2626 egit.
530 2544 705 2608 Successit
720 2545 752 2608 ei
770 2545 862 2608 filius
880 2545 1028 2609 Pontius
1042 2564 1087 2609 ex
1102 2545 1345 2626 longobarda,

398 2644 598 2708 adolescens
615 2644 785 2727 majorum
802 2644 947 2707 aemulus
970 2644 1110 2726 gloriae3
1134 2645 1345 2726 sortitusque

397 2750 451 2807 est
462 2736 632 2826 ⁴jugalem
643 2742 827 2819 Tancredi,
838 2743 1012 2825 quondam
1026 2741 1235 2808 Antiocheni
1249 2743 1343 2826 prin-

397 2843 483 2924 cipis
497 2861 653 2905 uxorem.
677 2883 682 2892 -
706 2841 748 2904 Id
771 2843 861 2906 enim
880 2843 940 2905 ille
954 2843 1103 2907 moriens
1118 2849 1343 2924 praeceperat,

396 2947 608 3023 protestatus
624 2934 679 3002 ⁶in
693 2940 839 3022 ephoebo
856 2952 892 3004 et
907 2940 1181 3006 Christianorum
1194 2960 1345 3006 commo-

396 3040 478 3104 dum
493 3047 529 3104 et
541 3040 734 3104 Tarcorum
752 3038 970 3105 omnifariam
986 3040 1215 3124 dispendium.
1249 3039 1344 3104 Pon-

397 3140 467 3204 tius
482 3160 565 3222 ergo
579 3139 714 3222 Tripoli
734 3139 961 3223 principatur,
977 3141 1088 3204 sancti
1103 3139 1283 3222 Sepulchri
1305 3158 1344 3202 se

395 3240 561 3322 profitens
575 3259 725 3316 servum,
741 3240 873 3303 avitum
891 3239 1022 3303 scilicet
1035 3246 1070 3304 et
1085 3246 1267 3322 paternum
1289 3257 1345 3302 se·

396 3347 497 3404 cutus
511 3338 717 3422 exemplum.

601 3526 649 3573 aa
673 3526 837 3573 aonuauo
861 3525 985 3574 ouans
1006 3525 1138 3574 ocant.

234 3647 363 3687 Amantes
447 3631 556 3717 §389.
581 3633 757 3696 Robertus
784 3632 877 3714 filius
891 3632 1058 3697 Willelmi
1072 3629 1268 3714 Anglorum
1290 3653 1343 3697 re-

233 3696 378 3785 diii-‘¹¹¹¹'
394 3733 448 3813 gis
464 3733 578 3815 primi,
595 3740 698 3796 natus
711 3733 747 3794 in
763 3731 992 3809 Normannia,
1006 3738 1173 3814 spectata
1184 3731 1259 3815 jam
1272 3733 1343 3796 vir·

233 3797 319 3846 mandy.

420 3931 438 4016 ¹1
456 3931 624 4015 plemam]
650 3930 679 3979 S·
700 3931 730 3979 c·
748 3929 784 3978 De
804 3930 855 3988 Ed
915 3945 1069 4020 dJugalem·]
1080 3952 1344 4015 A·S.C.E.L·;con.

393 4003 512 4100 Plglel'lo,
522 4001 556 4085 Α..
567 4001 599 4049 L·
773 4081 780 4095 .
827 4066 833 4078 .
873 4024 999 4086 jugalem,
1010 4024 1045 4073 D·

450 4063 642 4136 Quadrantem]
670 4069 706 4117 D.
729 4069 780 4127 E.‚
808 4081 853 4114 mx

389 4142 560 4204 quadrimum,
570 4138 604 4188 A.
616 4139 645 4188 S.
656 4140 686 4188 C.
698 4138 729 4186 L.
913 4159 923 4188 a
934 4161 966 4209 ιη
984 4160 1101 4225 φὴαῠοι]
1121 4161 1150 4210 c·
1164 4160 1199 4210 D·
1213 4161 1260 4221 Ed
1277 4161 1339 4212 ado,

424 4210 571 4272 'Fwilmd
584 4208 617 4258 Α·
630 4208 658 4258 ⁸·
673 4209 702 4256 C·
714 4207 749 4256 D‘
761 4205 851 4267 3⁴1¹st
877 4232 971 4280 leseere
982 4232 1009 4279 in
1020 4231 1138 4294 ephoebo,
1149 4229 1182 4280 A.
1196 4231 1224 4280 S.
1239 4231 1268 4282 L.

387 4281 499 4343 fratrem,
511 4280 539 4328 S.
552 4279 617 4346 (var.
629 4276 700 4342 lect.)
