3140 4974
241 3541 376 3584 Trmrbleslu

308 3593 371 3641 andy-

406 486 473 552 622
624 503 735 551 unsri
761 502 890 550 aucun
914 501 1130 551 rucuonuu.
1224 490 1311 571 [ma.
1330 509 1365 554 v.

408 666 443 723 et
462 656 715 738 Arundellum3
742 664 998 740 comportatum
1018 676 1060 720 eo
1082 657 1291 724 frumentum
1313 681 1360 724 ex

407 759 502 822 omni
525 758 666 838 regione
689 757 948 832 Scrobesbiriae,
965 763 1002 820 et
1017 757 1181 839 quicquid
1200 779 1358 824 necessa-

407 858 497 920 rium
524 856 653 920 bellum
676 855 846 936 efflagitat
868 849 1108 919 ¹diutnrnum:
1148 877 1212 921 nec
1240 860 1354 924 miuus

409 954 589 1019 castellum
623 954 919 1018 Scrobesbiriense
950 954 1129 1019 rebellioni
1169 959 1356 1036 consensit,

407 1054 643 1119 Wallensibus
657 1073 721 1136 pro
735 1060 832 1117 motu
846 1053 996 1116 fortunae
1012 1053 1056 1116 ad
1071 1054 1201 1118 malum
1225 1058 1352 1137 pronis.

408 1153 490 1217 Rex
525 1152 645 1235 itaque
674 1153 789 1216 animo
819 1146 971 1234 ²ingens,
1003 1154 1187 1235 omniaque
1209 1154 1355 1220 adversa

407 1252 536 1317 virtute
558 1271 727 1334 premens,
752 1251 878 1315 militia
906 1258 1028 1315 coacta
1054 1252 1181 1333 Brigas
1206 1255 1353 1332 obsedit,

407 1352 499 1415 unde
518 1351 594 1433 jam
625 1351 661 1413 in
691 1348 921 1414 Arundellum
953 1352 1139 1415 transierat
1165 1352 1354 1431 RobertuS,

408 1451 649 1514 alimentorum
660 1450 761 1531 copia
775 1457 811 1513 et
827 1449 975 1513 militum
992 1449 1121 1514 ferocia
1138 1453 1224 1515 satis
1244 1455 1353 1518 abun-

407 1549 518 1630 deque
541 1549 710 1611 munitum
735 1549 849 1612 locum
876 1568 1111 1631 praesumens3
1135 1550 1196 1613 sed
1223 1570 1354 1634 paucos

406 1654 486 1730 post
512 1647 586 1710 dies
610 1646 786 1729 oppidani,
803 1657 839 1712 et
861 1647 1043 1712 formidine
1070 1650 1292 1714 conscientiae
1316 1660 1352 1716 et

406 1745 608 1811 fortitudine
623 1745 755 1810 militiae
766 1747 871 1829 regiae
885 1747 980 1823 flexi,
995 1765 1034 1810 se
1049 1747 1220 1812 dedidere.
1272 1749 1355 1828 Quo

406 1846 536 1922 audito,
563 1847 607 1909 ab
631 1846 769 1928 incepto
793 1852 927 1910 tumore
951 1843 1180 1910 Aruudellum
1204 1847 1351 1926 destitit,

405 1945 515 2025 regali
534 1963 572 2008 se
595 1944 757 2008 addicens
777 1945 968 2023 clientelae3
992 1947 1134 2027 egregia
1160 1965 1244 2010 sane
1270 1967 1352 2012 con-

405 2043 547 2122 ditione,
562 2050 602 2107 nt
616 2043 775 2108 dominus
794 2062 878 2108 suus
897 2045 1033 2125 integra
1049 2047 1278 2110 membrorum
1294 2066 1353 2110 sa-

405 2143 478 2207 lute
508 2142 759 2207 Normanniam
784 2143 1042 2226 permitteretur
1074 2145 1179 2209 abire.
1241 2145 1354 2211 Porro

406 2242 718 2307 scrobesbirienses
733 2261 795 2324 per
813 2243 1005 2306 Radulsnm
1022 2249 1096 2306 tum
1112 2245 1270 2308 abbatem
1286 2245 1351 2309 Sa-

405 2342 465 2423 gii,
490 2348 613 2424 postea
636 2340 836 2406 Cantnariae
860 2342 1167 2425 archiepiscopum,
1190 2345 1265 2424 regi
1287 2346 1353 2408 mi·

405 2459 480 2504 sere
499 2441 634 2504 castelli
655 2440 782 2517 claves,
799 2441 983 2504 deditionis
1002 2443 1184 2523 praesentis
1208 2443 1351 2521 indices,

404 2538 531 2602 futurae
553 2539 746 2603 devotionis
769 2540 917 2604 obsides.
970 2539 1028 2604 Ita
1051 2541 1276 2606 dissensionis
1297 2545 1351 2606 in·

405 2637 576 2713 cendium,
592 2638 684 2719 quod
704 2641 894 2720 putabatur
915 2638 989 2702 fore
1010 2659 1188 2721 magnum,
1212 2643 1349 2722 paucis·

403 2736 500 2799 simis
514 2736 634 2800 diebus
648 2737 684 2799 iu
702 2737 834 2800 cineres
848 2737 1029 2802 consenuit
1041 2758 1049 2817 3
1074 2747 1109 2802 et
1123 2739 1349 2819 desertorum,

404 2853 539 2917 semper
556 2835 657 2898 novis
673 2835 776 2898 rebus
792 2835 1010 2914 inhiantium,
1033 2837 1234 2902 aviditatem
1252 2860 1348 2904 coer-

404 2935 487 2997 cuit.
539 2933 728 3010 Robertus,
750 2934 1011 3000 cumfratribus
1030 2936 1264 3020 Ernulso,qui
1286 2959 1349 3022 pa-

404 3041 541 3098 ternum
573 3053 765 3115 cognomen
797 3035 940 3099 sortitus
972 3037 1098 3113 suerat,
1131 3044 1167 3101 et
1197 3037 1351 3119 Rog'erio

404 3132 604 3198 Pictavensi
619 3132 729 3219 (quod
753 3154 798 3197 ex
815 3153 857 3198 ea
879 3134 1020 3216 regione
1036 3155 1180 3199 uxorem
1206 3156 1350 3220 accepe-

403 3241 460 3296 rat
483 3234 533 3297 sic
559 3229 681 3316 dicto),
700 3232 863 3315 Angliam
882 3241 1049 3317 perpetuo
1070 3235 1264 3317 abjuravit3
1288 3238 1349 3300 sed

403 3334 559 3414 vigorem
572 3333 780 3397 sacramenti
796 3334 1003 3416 temperavit
1018 3333 1179 3416 adjectio,
1193 3336 1261 3399 nisi
1275 3337 1350 3418 regi

402 3432 533 3512 placito
547 3431 752 3513 quandoque
764 3432 990 3497 satisfecisset
1004 3433 1180 3515 obsequio.

454 3529 557 3612 5397.
572 3530 672 3593 Tunc
685 3530 747 3594 fax
762 3531 955 3595 bellorum
945 3531 1098 3595 immissa
1110 3532 1348 3612 Normanniae,

402 3627 610 3709 perfidorum
627 3629 851 3707 admixtione,
868 3649 968 3712 qnasr
959 3630 1160 3711 rogalibus
1176 3632 1349 3698 alimentis

402 3727 567 3806 animata,
594 3729 784 3805 convaluit,
807 3730 1073 3812 circumquaque
1099 3731 1215 3812 posita
1241 3733 1348 3794 corri-

239 3843 271 3882 En
261 3839 322 3930 oq
295 3840 359 3930 udde
359 3841 388 3880 nd
349 3827 507 3940 npiens.
560 3827 625 3891 Est
650 3829 741 3892 enim
765 3828 981 3893 Normannia
1005 3837 1202 3942 opportuna
1227 3837 1263 3893 et
1287 3850 1346 3913 pa-

237 3891 366 3982 collnutgltl

400 3927 489 3992 tiens
519 3927 689 3991 malorum
722 3927 907 4006 nutricula,
944 3929 1104 4011 quamvis
1135 3949 1205 3992 non
1238 3930 1350 3995 multo

433 4197 630 4270 ¹Diuturnum.]
643 4202 676 4253 A.
688 4204 717 4252 C.
729 4203 764 4252 D.
773 4202 805 4250 Ε.
814 4201 844 4250 L.
851 4215 858 4260 ;
919 4197 1061 4265 Hagen]
1087 4203 1119 4252 A.
1142 4204 1172 4252 C.
1192 4203 1226 4253 D.
1248 4204 1278 4253 Ε.
1298 4205 1347 4263 L.;

395 4273 537 4334 devectum,
549 4272 577 4321 S.
884 4271 978 4333 rigens,
989 4271 1017 4319 S.
