3148 4982
208 452 362 532 mr.1u.]
440 466 555 515 ersus
578 465 705 516 neeuu
728 467 941 516 uuoconuu.
1092 453 1157 518 481

208 623 315 701 mihi,'
339 622 442 701 dixit,
473 624 664 689 ‘faciemus
692 625 761 690 Dei
796 625 989 702 servitium,
1018 634 1159 708 etpost

208 724 416 806 agitabimus
430 724 608 787 hominum
625 725 798 807 litigium’
839 725 940 789 Hora
950 725 1058 806 igitur
1075 745 1158 788 can-

209 830 295 899 tata,
312 823 410 886 nulla
425 825 627 905 excogitata
643 824 722 888 falsi
740 825 1038 905 tergiversatione,
1061 825 1158 889 nullo

212 928 443 986 commentato
453 923 526 986 veri
541 923 735 1004 splendore,
753 923 934 987 confestim
951 923 1066 986 aulam
1079 943 1160 987 con-

210 1021 280 1083 cilii
307 1020 443 1102 ingredi
470 1022 648 1102 pergebat.
694 1021 775 1086 Suis
801 1041 879 1084 eum
902 1023 1051 1086 retinere
1083 1031 1159 1086 ten-

210 1120 365 1183 tantibus
392 1119 593 1201 persuaderi
617 1140 687 1184 non
716 1121 843 1203 potuit,
871 1121 955 1203 quin
979 1121 1095 1202 potius
1119 1123 1161 1185 ti-

212 1219 382 1282 mentibus
397 1237 533 1281 causae:
550 1218 646 1283 ‘Pro
664 1219 782 1295 certo:
800 1221 861 1295 ait,
878 1220 1065 1282 ‘noveritis
1080 1220 1162 1283 visi·

211 1316 325 1381 biliter
339 1336 395 1380 me
414 1317 469 1380 hic
487 1318 603 1382 videre
624 1319 744 1382 beatos
764 1319 1041 1400 archiepiscopos
1062 1318 1163 1381 Dun-

212 1423 351 1480 stanum
374 1415 662 1481 Cantuariensem
684 1424 720 1480 et
740 1417 942 1481 Oswaldum
964 1417 1162 1481 Eboracen·

213 1535 296 1591 som,
312 1515 372 1596 qui
385 1513 499 1592 hodie,
513 1517 585 1579 suis
607 1535 662 1579 me
683 1505 843 1597 precibus
866 1523 1016 1593 tuenteS,
1030 1515 1163 1580 falsilo-

213 1634 360 1697 quorum
390 1633 535 1678 acumen
562 1615 798 1678 hebetabunt.’
858 1615 918 1678 Ita
947 1615 1031 1678 data
1058 1617 1163 1678 bene·

214 1713 363 1776 dictione
393 1712 573 1790 monacho,
599 1713 750 1777 minimae
779 1713 950 1779 facundiae
982 1714 1071 1790 viro,
1102 1714 1164 1778 sed

214 1809 460 1875 Normannicae
489 1813 619 1894 linguae
647 1813 765 1890 sciolo,
787 1832 860 1876 rem
884 1831 1050 1894 perorans
1076 1814 1165 1877 obti-

214 1911 301 1987 nuit,
314 1917 355 1973 ut
369 1910 428 1992 qui
444 1930 518 1974 suae
531 1911 690 1974 dioecesis
704 1918 785 1975 ante
798 1911 962 1992 indignus
975 1912 1165 1993 putabatur

214 2008 391 2090 regimine,
419 2011 464 2072 ab
494 2009 753 2092 archiepiscopo
783 2009 931 2074 Eboraci
963 2010 1166 2091 suppliciter

214 2115 396 2190 rogaretur
409 2115 450 2172 ut
464 2129 546 2172 suas
561 2109 764 2190 dignaretur
778 2109 927 2171 lustrare
937 2101 945 2138 ¹
954 2114 1083 2189 parteS,
1096 2126 1165 2188 quo

214 2208 289 2290 ipse
310 2227 373 2290 pro
395 2208 517 2271 timore
532 2206 683 2271 hostium
700 2208 756 2272 vel
777 2207 944 2270 sermonis
968 2207 1167 2286 ignorantia

217 2307 364 2370 cavebat
379 2307 553 2370 accedere.

269 2405 286 2487 §
301 2404 377 2469 304.
388 2404 521 2468 Verum
536 2424 602 2486 ego
616 2425 686 2469 non
703 2405 848 2468 ulterius
858 2404 1026 2470 lectorum
1041 2420 1166 2484 expec-

217 2503 381 2567 tationem
405 2505 598 2581 macerabo,
614 2505 675 2585 qui
700 2503 775 2568 haec
797 2504 942 2567 forsitan
966 2520 1036 2565 non
1058 2501 1166 2564 liben-

218 2611 271 2666 ter
284 2603 473 2680 intuentur,
505 2604 589 2686 quia
613 2610 713 2683 gesta
735 2603 901 2666 Willelmi
930 2619 1168 2665 successorum

218 2703 484 2784 praestolantur3
511 2702 682 2785 quamvis,
697 2701 832 2765 nisime
849 2702 976 2765 nimius
989 2719 1085 2764 amor
1101 2700 1169 2762 mei

218 2799 319 2878 fallit,
343 2800 430 2864 nulli
453 2803 657 2866 varietatem
683 2800 889 2865 relationum
916 2798 1168 2881 displicituram

218 2901 352 2980 opinor,
375 2900 442 2962 nisi
467 2900 497 2963 si
521 2901 600 2982 quis
627 2907 700 2962 tam
724 2900 863 2963 nubilus
888 2906 942 2964 est
963 2905 1004 2961 ut
1021 2897 1168 2961 Catonis

218 2999 439 3079 supercilium
470 2999 659 3062 aemuletur.
717 2998 786 3062 Sed
817 2997 887 3061 alia
914 2998 951 3060 in
980 3004 1106 3077 quarto
1134 3002 1170 3058 et

218 3096 339 3178 quinto
370 3097 459 3161 libro
486 3098 547 3179 qui
572 3096 667 3160 volet
693 3095 902 3176 experietur,
930 3112 1011 3156 nam
1045 3093 1169 3156 tertius

219 3195 373 3260 debitum
386 3195 546 3276 agnoscit
562 3187 731 3256 2modum.

257 3430 390 3492 ¹Purtea.]
408 3429 455 3490 ἃς
480 3426 584 3478 omitted
605 3428 631 3476 in
650 3425 684 3476 A.
710 3420 778 3473 dum’
789 3422 888 3473 follows
899 3423 941 3472 the
953 3424 1173 3485 dedicatoryepis·

222 3504 251 3552 G.
264 3502 299 3551 D.
311 3501 343 3551 E.
355 3500 387 3549 1,.
709 3495 744 3544 tle
755 3494 785 3543 of
799 3493 841 3542 the
853 3493 953 3541 Author
968 3498 994 3542 to
1005 3493 1099 3542 Robert
1110 3494 1172 3542 Earl

708 3564 738 3613 of
746 3563 905 3623 Glouceeter,
916 3562 1006 3623 placed
1019 3568 1045 3612 at
1053 3563 1095 3613 the
1106 3577 1172 3612 com·

257 3635 268 3668 ²
279 3631 402 3705 Modum]
414 3637 446 3686 In
454 3637 489 3687 D.
497 3637 531 3687 Ε.
542 3634 607 3684 after
617 3635 625 3664 ‘
631 3649 684 3683 mo·
708 3636 863 3683 mencement
873 3633 902 3682 of
909 3632 1009 3681 volume
1020 3645 1038 3682 1.
