<?xml version="1.0" encoding="UTF-8"?>
<!DOCTYPE html PUBLIC "-//W3C//DTD XHTML 1.0 Transitional//EN"
    "http://www.w3.org/TR/xhtml1/DTD/xhtml1-transitional.dtd">
<html xmlns="http://www.w3.org/1999/xhtml" xml:lang="en" lang="en">
 <head>
  <title>
</title>
<meta http-equiv="Content-Type" content="text/html;charset=utf-8" />
  <meta name='ocr-system' content='tesseract 3.04.00' />
  <meta name='ocr-capabilities' content='ocr_page ocr_carea ocr_par ocr_line ocrx_word'/>
</head>
<body>
  <div class='ocr_page' id='page_1' title='image "./willelmimalmesb00hardgoog_0159.png"; bbox 0 0 3148 4982; ppageno 0'>
   <div class='ocr_carea' id='block_1_1' title="bbox 232 481 1185 561">
    <p class='ocr_par' dir='ltr' id='par_1_1' title="bbox 232 481 1185 561">
     <span class='ocr_line' id='line_1_1' title="bbox 232 481 1185 561; baseline 0.003 -17"><span class='ocrx_word' id='word_1_1' title='bbox 232 499 301 545; x_wconf 83' lang='lat' dir='ltr'><strong>um.</strong></span> <span class='ocrx_word' id='word_1_2' title='bbox 319 481 383 561; x_wconf 91' lang='lat' dir='ltr'><strong>1v.]</strong></span> <span class='ocrx_word' id='word_1_3' title='bbox 465 497 579 544; x_wconf 73' lang='lat' dir='ltr'><strong>cusan</strong></span> <span class='ocrx_word' id='word_1_4' title='bbox 604 497 730 544; x_wconf 81' lang='lat' dir='ltr'><strong>nucum</strong></span> <span class='ocrx_word' id='word_1_5' title='bbox 755 497 965 545; x_wconf 76' lang='lat' dir='ltr'><strong>nueuonuu.</strong></span> <span class='ocrx_word' id='word_1_6' title='bbox 1120 481 1185 548; x_wconf 85' lang='grc'><strong>513</strong></span> 
     </span>
    </p>
   </div>
   <div class='ocr_carea' id='block_1_2' title="bbox 220 657 1345 3922">
    <p class='ocr_par' dir='ltr' id='par_1_2' title="bbox 220 657 1345 1816">
     <span class='ocr_line' id='line_1_2' title="bbox 232 657 1345 754; baseline 0.001 -32"><span class='ocrx_word' id='word_1_7' title='bbox 232 665 372 722; x_wconf 89' lang='lat' dir='ltr'><strong>sanctos</strong></span> <span class='ocrx_word' id='word_1_8' title='bbox 398 664 528 739; x_wconf 91' lang='lat' dir='ltr'><strong>patres,</strong></span> <span class='ocrx_word' id='word_1_9' title='bbox 550 675 716 738; x_wconf 89' lang='lat' dir='ltr'><strong>sequaces</strong></span> <span class='ocrx_word' id='word_1_10' title='bbox 739 657 871 720; x_wconf 89' lang='lat' dir='ltr'><strong>scilicet</strong></span> <span class='ocrx_word' id='word_1_11' title='bbox 896 658 974 734; x_wconf 89' lang='lat' dir='ltr'><strong>Dei,</strong></span> <span class='ocrx_word' id='word_1_12' title='bbox 999 659 1182 742; x_wconf 89' lang='lat' dir='ltr'><strong>quicquam</strong></span> <span class='ocrx_word' id='word_1_13' title='bbox 1197 664 1345 754; x_wconf 53' lang='lat' dir='ltr'><strong>girjgtg&#39;pcfflhe</strong></span> 
     </span>
     <span class='ocr_line' id='line_1_3' title="bbox 231 756 1263 840; baseline 0.002 -20"><span class='ocrx_word' id='word_1_14' title='bbox 231 765 360 840; x_wconf 75' lang='lat' dir='ltr'><strong>praeter</strong></span> <span class='ocrx_word' id='word_1_15' title='bbox 384 757 553 820; x_wconf 88' lang='lat' dir='ltr'><strong>rationem</strong></span> <span class='ocrx_word' id='word_1_16' title='bbox 583 756 728 832; x_wconf 83' lang='lat' dir='ltr'><strong>edicere,</strong></span> <span class='ocrx_word' id='word_1_17' title='bbox 756 757 857 837; x_wconf 82' lang='lat' dir='ltr'><strong>quasi</strong></span> <span class='ocrx_word' id='word_1_18' title='bbox 885 758 951 820; x_wconf 90' lang='lat' dir='ltr'><strong>soli</strong></span> <span class='ocrx_word' id='word_1_19' title='bbox 982 761 1184 824; x_wconf 84' lang='lat' dir='ltr'>auctoritati</span> <span class='ocrx_word' id='word_1_20' title='bbox 1197 765 1263 804; x_wconf 56' lang='lat'>⁰¹³³·</span> 
     </span>
     <span class='ocr_line' id='line_1_4' title="bbox 232 854 1183 941; baseline 0.004 -21"><span class='ocrx_word' id='word_1_21' title='bbox 232 858 334 921; x_wconf 91' lang='lat' dir='ltr'><strong>fidem</strong></span> <span class='ocrx_word' id='word_1_22' title='bbox 349 856 535 920; x_wconf 86' lang='lat' dir='ltr'><strong>debeamus</strong></span> <span class='ocrx_word' id='word_1_23' title='bbox 551 855 740 918; x_wconf 72' lang='lat' dir='ltr'><strong>adhiberet</strong></span> <span class='ocrx_word' id='word_1_24' title='bbox 793 854 920 937; x_wconf 88' lang='lat' dir='ltr'><strong>Itaque</strong></span> <span class='ocrx_word' id='word_1_25' title='bbox 937 857 1087 935; x_wconf 89' lang='lat' dir='ltr'><strong>illorum,</strong></span> <span class='ocrx_word' id='word_1_26' title='bbox 1105 880 1183 941; x_wconf 86' lang='lat' dir='ltr'><strong>quae</strong></span> 
     </span>
     <span class='ocr_line' id='line_1_5' title="bbox 233 955 1181 1039; baseline 0.005 -21"><span class='ocrx_word' id='word_1_27' title='bbox 233 956 436 1039; x_wconf 66' lang='lat' dir='ltr'><strong>procuditis</strong></span> <span class='ocrx_word' id='word_1_28' title='bbox 450 961 511 1018; x_wconf 91' lang='lat' dir='ltr'><strong>aut</strong></span> <span class='ocrx_word' id='word_1_29' title='bbox 524 955 692 1018; x_wconf 86' lang='lat' dir='ltr'><strong>rationem</strong></span> <span class='ocrx_word' id='word_1_30' title='bbox 709 961 770 1018; x_wconf 93' lang='lat' dir='ltr'><strong>aut</strong></span> <span class='ocrx_word' id='word_1_31' title='bbox 790 957 1033 1019; x_wconf 88' lang='lat' dir='ltr'><strong>auctoritatem</strong></span> <span class='ocrx_word' id='word_1_32' title='bbox 1052 957 1181 1023; x_wconf 88' lang='lat' dir='ltr'><strong>afferte.</strong></span> 
     </span>
     <span class='ocr_line' id='line_1_6' title="bbox 235 1052 1184 1138; baseline 0.004 -20"><span class='ocrx_word' id='word_1_33' title='bbox 235 1055 405 1134; x_wconf 84' lang='lat' dir='ltr'><strong>Quamvis</strong></span> <span class='ocrx_word' id='word_1_34' title='bbox 430 1074 500 1117; x_wconf 91' lang='lat' dir='ltr'><strong>non</strong></span> <span class='ocrx_word' id='word_1_35' title='bbox 524 1053 671 1117; x_wconf 90' lang='lat' dir='ltr'><strong>multum</strong></span> <span class='ocrx_word' id='word_1_36' title='bbox 694 1052 819 1118; x_wconf 88' lang='lat' dir='ltr'><strong>debeat</strong></span> <span class='ocrx_word' id='word_1_37' title='bbox 841 1055 946 1131; x_wconf 89' lang='lat' dir='ltr'><strong>credi,</strong></span> <span class='ocrx_word' id='word_1_38' title='bbox 969 1056 1096 1138; x_wconf 91' lang='lat' dir='ltr'><strong>siquid</strong></span> <span class='ocrx_word' id='word_1_39' title='bbox 1119 1059 1184 1122; x_wconf 90' lang='lat' dir='ltr'><strong>hu-</strong></span> 
     </span>
     <span class='ocr_line' id='line_1_7' title="bbox 220 1153 1183 1238; baseline 0.007 -23"><span class='ocrx_word' id='word_1_40' title='bbox 220 1175 346 1218; x_wconf 86' lang='lat' dir='ltr'><strong>manae</strong></span> <span class='ocrx_word' id='word_1_41' title='bbox 360 1155 504 1217; x_wconf 89' lang='lat' dir='ltr'><strong>rationis</strong></span> <span class='ocrx_word' id='word_1_42' title='bbox 520 1154 630 1235; x_wconf 89' lang='lat' dir='ltr'><strong>possit</strong></span> <span class='ocrx_word' id='word_1_43' title='bbox 648 1153 804 1234; x_wconf 90' lang='lat' dir='ltr'><strong>allegari,</strong></span> <span class='ocrx_word' id='word_1_44' title='bbox 822 1155 914 1236; x_wconf 93' lang='lat' dir='ltr'><strong>quod</strong></span> <span class='ocrx_word' id='word_1_45' title='bbox 930 1157 1183 1238; x_wconf 60' lang='lat' dir='ltr'><strong>aequipollenti*</strong></span> 
     </span>
     <span class='ocr_line' id='line_1_8' title="bbox 234 1252 1183 1338; baseline 0.003 -20"><span class='ocrx_word' id='word_1_46' title='bbox 234 1256 300 1318; x_wconf 91' lang='lat' dir='ltr'><strong>bus</strong></span> <span class='ocrx_word' id='word_1_47' title='bbox 316 1253 530 1335; x_wconf 84' lang='lat' dir='ltr'><strong>argumentis</strong></span> <span class='ocrx_word' id='word_1_48' title='bbox 544 1252 662 1316; x_wconf 86' lang='lat' dir='ltr'><strong>valeat</strong></span> <span class='ocrx_word' id='word_1_49' title='bbox 677 1254 846 1317; x_wconf 85' lang='lat' dir='ltr'><strong>enervari.</strong></span> <span class='ocrx_word' id='word_1_50' title='bbox 900 1253 1124 1338; x_wconf 83' lang='lat' dir='ltr'><strong>Quapropter</strong></span> <span class='ocrx_word' id='word_1_51' title='bbox 1138 1278 1183 1321; x_wconf 86' lang='lat' dir='ltr'><strong>ex</strong></span> 
     </span>
     <span class='ocr_line' id='line_1_9' title="bbox 236 1353 1183 1439; baseline 0.004 -22"><span class='ocrx_word' id='word_1_52' title='bbox 236 1354 358 1435; x_wconf 90' lang='lat' dir='ltr'><strong>regula</strong></span> <span class='ocrx_word' id='word_1_53' title='bbox 380 1372 458 1436; x_wconf 85' lang='lat' dir='ltr'><strong>quae</strong></span> <span class='ocrx_word' id='word_1_54' title='bbox 487 1353 622 1415; x_wconf 91' lang='lat' dir='ltr'><strong>ratione</strong></span> <span class='ocrx_word' id='word_1_55' title='bbox 651 1359 685 1416; x_wconf 91' lang='lat' dir='ltr'><strong>et</strong></span> <span class='ocrx_word' id='word_1_56' title='bbox 710 1353 917 1416; x_wconf 90' lang='lat' dir='ltr'><strong>anctoritate</strong></span> <span class='ocrx_word' id='word_1_57' title='bbox 943 1355 1039 1432; x_wconf 89' lang='lat' dir='ltr'><strong>nixa,</strong></span> <span class='ocrx_word' id='word_1_58' title='bbox 1062 1364 1183 1439; x_wconf 89' lang='lat' dir='ltr'><strong>utpote</strong></span> 
     </span>
     <span class='ocr_line' id='line_1_10' title="bbox 230 1449 1182 1536; baseline 0.001 -19"><span class='ocrx_word' id='word_1_59' title='bbox 230 1449 388 1518; x_wconf 82' lang='lat' dir='ltr'><strong>&#39;omnium</strong></span> <span class='ocrx_word' id='word_1_60' title='bbox 412 1451 587 1536; x_wconf 89' lang='lat' dir='ltr'><strong>justorum</strong></span> <span class='ocrx_word' id='word_1_61' title='bbox 614 1451 738 1533; x_wconf 89' lang='lat' dir='ltr'><strong>spiritu</strong></span> <span class='ocrx_word' id='word_1_62' title='bbox 765 1451 897 1516; x_wconf 91' lang='lat' dir='ltr'><strong>dictata</strong></span> <span class='ocrx_word' id='word_1_63' title='bbox 924 1460 989 1526; x_wconf 89' lang='lat' dir='ltr'><strong>est,</strong></span> <span class='ocrx_word' id='word_1_64' title='bbox 1018 1455 1098 1518; x_wconf 89' lang='lat' dir='ltr'><strong>date</strong></span> <span class='ocrx_word' id='word_1_65' title='bbox 1121 1477 1182 1520; x_wconf 87' lang='lat' dir='ltr'><strong>ex·-</strong></span> 
     </span>
     <span class='ocr_line' id='line_1_11' title="bbox 237 1551 1183 1636; baseline 0.003 -20"><span class='ocrx_word' id='word_1_66' title='bbox 237 1553 370 1636; x_wconf 82' lang='lat' dir='ltr'><strong>empla3</strong></span> <span class='ocrx_word' id='word_1_67' title='bbox 395 1551 487 1634; x_wconf 89' lang='lat' dir='ltr'><strong>quod</strong></span> <span class='ocrx_word' id='word_1_68' title='bbox 507 1552 537 1614; x_wconf 91' lang='lat' dir='ltr'><strong>si</strong></span> <span class='ocrx_word' id='word_1_69' title='bbox 554 1569 624 1614; x_wconf 89' lang='lat' dir='ltr'><strong>non</strong></span> <span class='ocrx_word' id='word_1_70' title='bbox 644 1551 803 1633; x_wconf 80' lang='lat' dir='ltr'><strong>potestiS,</strong></span> <span class='ocrx_word' id='word_1_71' title='bbox 822 1551 952 1614; x_wconf 81' lang='lat' dir='ltr'><strong>frustra</strong></span> <span class='ocrx_word' id='word_1_72' title='bbox 976 1554 1183 1634; x_wconf 87' lang='lat' dir='ltr'><strong>profitemini</strong></span> 
     </span>
     <span class='ocr_line' id='line_1_12' title="bbox 235 1649 1185 1736; baseline 0.002 -20"><span class='ocrx_word' id='word_1_73' title='bbox 235 1654 329 1716; x_wconf 89' lang='lat' dir='ltr'><strong>illius</strong></span> <span class='ocrx_word' id='word_1_74' title='bbox 343 1653 611 1736; x_wconf 85' lang='lat' dir='ltr'><strong>praerogativam</strong></span> <span class='ocrx_word' id='word_1_75' title='bbox 633 1649 732 1734; x_wconf 89' lang='lat' dir='ltr'><strong>cujus</strong></span> <span class='ocrx_word' id='word_1_76' title='bbox 749 1651 969 1715; x_wconf 83' lang='lat' dir='ltr'><strong>contemnitis</strong></span> <span class='ocrx_word' id='word_1_77' title='bbox 992 1654 1090 1735; x_wconf 88' lang='lat' dir='ltr'><strong>sequi</strong></span> <span class='ocrx_word' id='word_1_78' title='bbox 1104 1655 1185 1718; x_wconf 90' lang='lat' dir='ltr'><strong>doc-</strong></span> 
     </span>
     <span class='ocr_line' id='line_1_13' title="bbox 238 1751 388 1816; baseline -0.013 0"><span class='ocrx_word' id='word_1_79' title='bbox 238 1751 388 1816; x_wconf 70' lang='lat' dir='ltr'><strong>trinam!</strong></span> 
     </span>
    </p>

    <p class='ocr_par' dir='ltr' id='par_1_3' title="bbox 237 1847 1188 3922">
     <span class='ocr_line' id='line_1_14' title="bbox 289 1847 1184 1934; baseline 0 -20"><span class='ocrx_word' id='word_1_80' title='bbox 289 1851 306 1934; x_wconf 83' lang='lat'>§</span> <span class='ocrx_word' id='word_1_81' title='bbox 332 1851 409 1914; x_wconf 83' lang='lat'><strong><em>335.</em></strong></span> <span class='ocrx_word' id='word_1_82' title='bbox 434 1847 647 1930; x_wconf 90' lang='lat' dir='ltr'><strong>Hujusmodi</strong></span> <span class='ocrx_word' id='word_1_83' title='bbox 677 1849 861 1926; x_wconf 89' lang='lat' dir='ltr'><strong>sententia,</strong></span> <span class='ocrx_word' id='word_1_84' title='bbox 888 1850 932 1912; x_wconf 88' lang='lat' dir='ltr'><strong>ab</strong></span> <span class='ocrx_word' id='word_1_85' title='bbox 957 1869 1039 1926; x_wconf 89' lang='lat' dir='ltr'><strong>uno,</strong></span> <span class='ocrx_word' id='word_1_86' title='bbox 1067 1857 1107 1914; x_wconf 91' lang='lat' dir='ltr'><strong>ut</strong></span> <span class='ocrx_word' id='word_1_87' title='bbox 1133 1853 1184 1929; x_wconf 88' lang='lat' dir='ltr'><strong>tit,</strong></span> 
     </span>
     <span class='ocr_line' id='line_1_15' title="bbox 238 1948 1185 2033; baseline 0 -19"><span class='ocrx_word' id='word_1_88' title='bbox 238 1969 379 2033; x_wconf 90' lang='lat' dir='ltr'><strong>serpens</strong></span> <span class='ocrx_word' id='word_1_89' title='bbox 403 1950 440 2013; x_wconf 92' lang='lat' dir='ltr'><strong>in</strong></span> <span class='ocrx_word' id='word_1_90' title='bbox 468 1949 567 2024; x_wconf 68' lang='lat' dir='ltr'><strong>alios</strong></span> <span class='ocrx_word' id='word_1_91' title='bbox 594 1948 717 2011; x_wconf 88' lang='lat' dir='ltr'><strong>merito</strong></span> <span class='ocrx_word' id='word_1_92' title='bbox 741 1949 850 2012; x_wconf 87' lang='lat' dir='ltr'><strong>movit</strong></span> <span class='ocrx_word' id='word_1_93' title='bbox 871 1949 975 2012; x_wconf 89' lang='lat' dir='ltr'><strong>corda</strong></span> <span class='ocrx_word' id='word_1_94' title='bbox 1003 1951 1117 2014; x_wconf 92' lang='lat' dir='ltr'><strong>Deum</strong></span> <span class='ocrx_word' id='word_1_95' title='bbox 1141 1952 1185 2014; x_wconf 90' lang='lat' dir='ltr'><strong>ti-</strong></span> 
     </span>
     <span class='ocr_line' id='line_1_16' title="bbox 237 2047 1184 2114; baseline 0 -2"><span class='ocrx_word' id='word_1_96' title='bbox 237 2051 403 2114; x_wconf 87' lang='lat' dir='ltr'><strong>mentium</strong></span> <span class='ocrx_word' id='word_1_97' title='bbox 427 2068 470 2111; x_wconf 90' lang='lat' dir='ltr'><strong>ne</strong></span> <span class='ocrx_word' id='word_1_98' title='bbox 494 2047 583 2111; x_wconf 88' lang='lat' dir='ltr'><strong>forte</strong></span> <span class='ocrx_word' id='word_1_99' title='bbox 605 2048 642 2110; x_wconf 91' lang='lat' dir='ltr'><strong>in</strong></span> <span class='ocrx_word' id='word_1_100' title='bbox 664 2066 813 2112; x_wconf 83' lang='lat' dir='ltr'><strong>vacuum</strong></span> <span class='ocrx_word' id='word_1_101' title='bbox 838 2057 1015 2112; x_wconf 86' lang='lat' dir='ltr'><strong>currerent</strong></span> <span class='ocrx_word' id='word_1_102' title='bbox 1040 2056 1101 2112; x_wconf 91' lang='lat' dir='ltr'><strong>aut</strong></span> <span class='ocrx_word' id='word_1_103' title='bbox 1125 2070 1184 2112; x_wconf 90' lang='lat' dir='ltr'><strong>cu·</strong></span> 
     </span>
     <span class='ocr_line' id='line_1_17' title="bbox 239 2147 1185 2230; baseline -0.002 -16"><span class='ocrx_word' id='word_1_104' title='bbox 239 2150 437 2214; x_wconf 86' lang='lat' dir='ltr'><strong>currissent.</strong></span> <span class='ocrx_word' id='word_1_105' title='bbox 491 2147 744 2228; x_wconf 87' lang='lat' dir='ltr'><strong>Frequentibus</strong></span> <span class='ocrx_word' id='word_1_106' title='bbox 773 2161 856 2227; x_wconf 86' lang='lat' dir='ltr'><strong>ergo</strong></span> <span class='ocrx_word' id='word_1_107' title='bbox 883 2148 1045 2229; x_wconf 89' lang='lat' dir='ltr'><strong>capitulis</strong></span> <span class='ocrx_word' id='word_1_108' title='bbox 1066 2147 1185 2230; x_wconf 91' lang='lat' dir='ltr'><strong>dispu-</strong></span> 
     </span>
     <span class='ocr_line' id='line_1_18' title="bbox 239 2245 1185 2330; baseline 0 -18"><span class='ocrx_word' id='word_1_109' title='bbox 239 2250 326 2312; x_wconf 88' lang='lat' dir='ltr'><strong>tatio</strong></span> <span class='ocrx_word' id='word_1_110' title='bbox 351 2249 486 2330; x_wconf 84' lang='lat' dir='ltr'><strong>agitata</strong></span> <span class='ocrx_word' id='word_1_111' title='bbox 511 2246 603 2310; x_wconf 91' lang='lat' dir='ltr'><strong>hunc</strong></span> <span class='ocrx_word' id='word_1_112' title='bbox 627 2246 731 2308; x_wconf 91' lang='lat' dir='ltr'><strong>finem</strong></span> <span class='ocrx_word' id='word_1_113' title='bbox 756 2245 888 2323; x_wconf 90' lang='lat' dir='ltr'><strong>habuit,</strong></span> <span class='ocrx_word' id='word_1_114' title='bbox 913 2254 953 2310; x_wconf 92' lang='lat' dir='ltr'><strong>ut</strong></span> <span class='ocrx_word' id='word_1_115' title='bbox 977 2247 1052 2328; x_wconf 87' lang='lat' dir='ltr'><strong>ipse</strong></span> <span class='ocrx_word' id='word_1_116' title='bbox 1077 2248 1185 2313; x_wconf 90' lang='lat' dir='ltr'><strong>abbas</strong></span> 
     </span>
     <span class='ocr_line' id='line_1_19' title="bbox 239 2345 1184 2429; baseline -0.001 -17"><span class='ocrx_word' id='word_1_117' title='bbox 239 2348 446 2413; x_wconf 87' lang='lat' dir='ltr'><strong>sententiam</strong></span> <span class='ocrx_word' id='word_1_118' title='bbox 470 2346 644 2429; x_wconf 88' lang='lat' dir='ltr'><strong>probaret,</strong></span> <span class='ocrx_word' id='word_1_119' title='bbox 671 2345 961 2427; x_wconf 86' lang='lat' dir='ltr'><strong>supersedendum</strong></span> <span class='ocrx_word' id='word_1_120' title='bbox 989 2347 1184 2429; x_wconf 69' lang='lat' dir='ltr'><strong>superfluis</strong></span> 
     </span>
     <span class='ocr_line' id='line_1_20' title="bbox 237 2445 1184 2526; baseline 0 -15"><span class='ocrx_word' id='word_1_121' title='bbox 237 2447 348 2511; x_wconf 88' lang='lat' dir='ltr'><strong>solam</strong></span> <span class='ocrx_word' id='word_1_122' title='bbox 375 2445 561 2509; x_wconf 89' lang='lat' dir='ltr'><strong>medullam</strong></span> <span class='ocrx_word' id='word_1_123' title='bbox 587 2445 716 2526; x_wconf 86' lang='lat' dir='ltr'><strong>regulae</strong></span> <span class='ocrx_word' id='word_1_124' title='bbox 731 2445 984 2526; x_wconf 79' lang='lat' dir='ltr'><strong>vestigandam.</strong></span> <span class='ocrx_word' id='word_1_125' title='bbox 1036 2445 1094 2510; x_wconf 89' lang='lat' dir='ltr'><strong>Ita</strong></span> <span class='ocrx_word' id='word_1_126' title='bbox 1116 2447 1184 2511; x_wconf 92' lang='lat' dir='ltr'><strong>duo</strong></span> 
     </span>
     <span class='ocr_line' id='line_1_21' title="bbox 240 2543 1185 2627; baseline 0.001 -18"><span class='ocrx_word' id='word_1_127' title='bbox 240 2547 362 2611; x_wconf 86' lang='lat' dir='ltr'><strong>fratres</strong></span> <span class='ocrx_word' id='word_1_128' title='bbox 385 2545 498 2622; x_wconf 89' lang='lat' dir='ltr'><strong>electi,</strong></span> <span class='ocrx_word' id='word_1_129' title='bbox 526 2546 564 2608; x_wconf 91' lang='lat' dir='ltr'><strong>in</strong></span> <span class='ocrx_word' id='word_1_130' title='bbox 591 2545 717 2627; x_wconf 90' lang='lat' dir='ltr'><strong>quibus</strong></span> <span class='ocrx_word' id='word_1_131' title='bbox 739 2543 885 2608; x_wconf 89' lang='lat' dir='ltr'><strong>scientia</strong></span> <span class='ocrx_word' id='word_1_132' title='bbox 908 2545 1085 2608; x_wconf 88' lang='lat' dir='ltr'><strong>literarum</strong></span> <span class='ocrx_word' id='word_1_133' title='bbox 1108 2566 1185 2610; x_wconf 90' lang='lat' dir='ltr'><strong>cum</strong></span> 
     </span>
     <span class='ocr_line' id='line_1_22' title="bbox 239 2643 1186 2728; baseline 0.001 -19"><span class='ocrx_word' id='word_1_134' title='bbox 239 2647 405 2728; x_wconf 80' lang='lat' dir='ltr'><strong>religione</strong></span> <span class='ocrx_word' id='word_1_135' title='bbox 427 2644 625 2728; x_wconf 86' lang='lat' dir='ltr'><strong>quadraret,</strong></span> <span class='ocrx_word' id='word_1_136' title='bbox 648 2643 867 2726; x_wconf 62' lang='lat' dir='ltr'><strong>quirinalia</strong></span> <span class='ocrx_word' id='word_1_137' title='bbox 892 2643 1088 2722; x_wconf 90' lang='lat' dir='ltr'><strong>collatione,</strong></span> <span class='ocrx_word' id='word_1_138' title='bbox 1105 2664 1186 2710; x_wconf 92' lang='lat' dir='ltr'><strong>auc-</strong></span> 
     </span>
     <span class='ocr_line' id='line_1_23' title="bbox 238 2743 1186 2828; baseline -0.002 -18"><span class='ocrx_word' id='word_1_139' title='bbox 238 2747 325 2810; x_wconf 91' lang='lat' dir='ltr'><strong>toris</strong></span> <span class='ocrx_word' id='word_1_140' title='bbox 348 2745 478 2828; x_wconf 85' lang='lat' dir='ltr'><strong>regulae</strong></span> <span class='ocrx_word' id='word_1_141' title='bbox 500 2745 715 2808; x_wconf 88' lang='lat' dir='ltr'><strong>voluntatem</strong></span> <span class='ocrx_word' id='word_1_142' title='bbox 737 2743 961 2825; x_wconf 88' lang='lat' dir='ltr'><strong>inquirerent,</strong></span> <span class='ocrx_word' id='word_1_143' title='bbox 986 2744 1186 2826; x_wconf 89' lang='lat' dir='ltr'><strong>inquisitam</strong></span> 
     </span>
     <span class='ocr_line' id='line_1_24' title="bbox 239 2842 1187 2928; baseline 0 -20"><span class='ocrx_word' id='word_1_144' title='bbox 239 2846 316 2910; x_wconf 89' lang='lat' dir='ltr'><strong>aliis</strong></span> <span class='ocrx_word' id='word_1_145' title='bbox 338 2850 583 2928; x_wconf 72' lang='lat' dir='ltr'><strong>proponerent.</strong></span> <span class='ocrx_word' id='word_1_146' title='bbox 634 2842 754 2907; x_wconf 90' lang='lat' dir='ltr'><strong>Abbas</strong></span> <span class='ocrx_word' id='word_1_147' title='bbox 777 2843 897 2928; x_wconf 85' lang='lat' dir='ltr'><strong>sedulo</strong></span> <span class='ocrx_word' id='word_1_148' title='bbox 921 2863 1023 2924; x_wconf 91' lang='lat' dir='ltr'><strong>agere</strong></span> <span class='ocrx_word' id='word_1_149' title='bbox 1038 2851 1077 2907; x_wconf 92' lang='lat' dir='ltr'><strong>ut</strong></span> <span class='ocrx_word' id='word_1_150' title='bbox 1092 2853 1187 2910; x_wconf 90' lang='lat' dir='ltr'><strong>totus</strong></span> 
     </span>
     <span class='ocr_line' id='line_1_25' title="bbox 240 2941 1186 3023; baseline 0 -15"><span class='ocrx_word' id='word_1_151' title='bbox 240 2952 430 3010; x_wconf 83' lang='lat' dir='ltr'><strong>conventus</strong></span> <span class='ocrx_word' id='word_1_152' title='bbox 453 2943 699 3007; x_wconf 89' lang='lat' dir='ltr'><strong>assentiretur:</strong></span> <span class='ocrx_word' id='word_1_153' title='bbox 724 2942 785 3006; x_wconf 90' lang='lat' dir='ltr'><strong>sed</strong></span> <span class='ocrx_word' id='word_1_154' title='bbox 807 2944 891 3023; x_wconf 90' lang='lat' dir='ltr'><strong>quia</strong></span> <span class='ocrx_word' id='word_1_155' title='bbox 907 2941 1043 3006; x_wconf 88' lang='lat' dir='ltr'><strong>difficile</strong></span> <span class='ocrx_word' id='word_1_156' title='bbox 1056 2963 1077 3006; x_wconf 94' lang='lat' dir='ltr'><strong>a</strong></span> <span class='ocrx_word' id='word_1_157' title='bbox 1092 2965 1186 3008; x_wconf 91' lang='lat' dir='ltr'><strong>men-</strong></span> 
     </span>
     <span class='ocr_line' id='line_1_26' title="bbox 239 3041 1186 3124; baseline -0.002 -14"><span class='ocrx_word' id='word_1_158' title='bbox 239 3045 331 3110; x_wconf 89' lang='lat' dir='ltr'><strong>tibus</strong></span> <span class='ocrx_word' id='word_1_159' title='bbox 353 3044 530 3108; x_wconf 90' lang='lat' dir='ltr'><strong>hominum</strong></span> <span class='ocrx_word' id='word_1_160' title='bbox 556 3041 718 3105; x_wconf 89' lang='lat' dir='ltr'><strong>avellitur</strong></span> <span class='ocrx_word' id='word_1_161' title='bbox 738 3041 830 3124; x_wconf 91' lang='lat' dir='ltr'><strong>quod</strong></span> <span class='ocrx_word' id='word_1_162' title='bbox 855 3062 901 3105; x_wconf 86' lang='lat' dir='ltr'><strong>cx</strong></span> <span class='ocrx_word' id='word_1_163' title='bbox 926 3044 1070 3124; x_wconf 90' lang='lat' dir='ltr'><strong>antiquo</strong></span> <span class='ocrx_word' id='word_1_164' title='bbox 1095 3045 1186 3108; x_wconf 88' lang='lat' dir='ltr'><strong>inse-</strong></span> 
     </span>
     <span class='ocr_line' id='line_1_27' title="bbox 239 3141 1187 3226; baseline -0.002 -18"><span class='ocrx_word' id='word_1_165' title='bbox 239 3145 339 3220; x_wconf 88' lang='lat' dir='ltr'><strong>derit,</strong></span> <span class='ocrx_word' id='word_1_166' title='bbox 356 3143 438 3226; x_wconf 91' lang='lat' dir='ltr'><strong>quia</strong></span> <span class='ocrx_word' id='word_1_167' title='bbox 452 3141 553 3206; x_wconf 88' lang='lat' dir='ltr'><strong>inviti</strong></span> <span class='ocrx_word' id='word_1_168' title='bbox 565 3147 724 3223; x_wconf 88' lang='lat' dir='ltr'><strong>expuunt</strong></span> <span class='ocrx_word' id='word_1_169' title='bbox 735 3141 827 3222; x_wconf 90' lang='lat' dir='ltr'><strong>quod</strong></span> <span class='ocrx_word' id='word_1_170' title='bbox 842 3142 954 3222; x_wconf 88' lang='lat' dir='ltr'><strong>prima</strong></span> <span class='ocrx_word' id='word_1_171' title='bbox 967 3141 1079 3205; x_wconf 88' lang='lat' dir='ltr'><strong>saliva</strong></span> <span class='ocrx_word' id='word_1_172' title='bbox 1095 3163 1187 3206; x_wconf 91' lang='lat' dir='ltr'><strong>com·</strong></span> 
     </span>
     <span class='ocr_line' id='line_1_28' title="bbox 238 3235 1186 3324; baseline -0.002 -16"><span class='ocrx_word' id='word_1_173' title='bbox 238 3244 400 3320; x_wconf 88' lang='lat' dir='ltr'><strong>biberint,</strong></span> <span class='ocrx_word' id='word_1_174' title='bbox 422 3262 510 3324; x_wconf 90' lang='lat' dir='ltr'><strong>pene</strong></span> <span class='ocrx_word' id='word_1_175' title='bbox 538 3261 657 3305; x_wconf 91' lang='lat' dir='ltr'><strong>omnes</strong></span> <span class='ocrx_word' id='word_1_176' title='bbox 684 3235 875 3322; x_wconf 90' lang='lat' dir='ltr'><strong>¹suscipere</strong></span> <span class='ocrx_word' id='word_1_177' title='bbox 906 3250 1110 3305; x_wconf 86' lang='lat' dir='ltr'><strong>recusarunt</strong></span> <span class='ocrx_word' id='word_1_178' title='bbox 1131 3263 1186 3306; x_wconf 89' lang='lat' dir='ltr'><strong>res</strong></span> 
     </span>
     <span class='ocr_line' id='line_1_29' title="bbox 240 3333 1188 3425; baseline 0 -19"><span class='ocrx_word' id='word_1_179' title='bbox 240 3363 361 3420; x_wconf 88' lang='lat' dir='ltr'><strong>novas,</strong></span> <span class='ocrx_word' id='word_1_180' title='bbox 376 3343 458 3425; x_wconf 89' lang='lat' dir='ltr'><strong>quia</strong></span> <span class='ocrx_word' id='word_1_181' title='bbox 475 3342 636 3423; x_wconf 89' lang='lat' dir='ltr'><strong>antiquas</strong></span> <span class='ocrx_word' id='word_1_182' title='bbox 652 3333 871 3421; x_wconf 78' lang='lat' dir='ltr'><strong>²diligebant.</strong></span> <span class='ocrx_word' id='word_1_183' title='bbox 918 3339 990 3403; x_wconf 90' lang='lat' dir='ltr'><strong>Soli</strong></span> <span class='ocrx_word' id='word_1_184' title='bbox 1012 3339 1128 3404; x_wconf 89' lang='lat' dir='ltr'><strong>decem</strong></span> <span class='ocrx_word' id='word_1_185' title='bbox 1152 3351 1188 3406; x_wconf 92' lang='lat' dir='ltr'><strong>et</strong></span> 
     </span>
     <span class='ocr_line' id='line_1_30' title="bbox 241 3439 1187 3522; baseline -0.001 -16"><span class='ocrx_word' id='word_1_186' title='bbox 241 3450 331 3520; x_wconf 88' lang='lat' dir='ltr'><strong>octo,</strong></span> <span class='ocrx_word' id='word_1_187' title='bbox 365 3443 401 3505; x_wconf 94' lang='lat' dir='ltr'><strong>in</strong></span> <span class='ocrx_word' id='word_1_188' title='bbox 429 3442 553 3522; x_wconf 90' lang='lat' dir='ltr'><strong>quibus</strong></span> <span class='ocrx_word' id='word_1_189' title='bbox 586 3440 802 3520; x_wconf 87' lang='lat' dir='ltr'><strong>Hardingus,</strong></span> <span class='ocrx_word' id='word_1_190' title='bbox 825 3439 884 3521; x_wconf 90' lang='lat' dir='ltr'><strong>qui</strong></span> <span class='ocrx_word' id='word_1_191' title='bbox 916 3446 951 3502; x_wconf 95' lang='lat' dir='ltr'><strong>et</strong></span> <span class='ocrx_word' id='word_1_192' title='bbox 978 3439 1187 3521; x_wconf 88' lang='lat' dir='ltr'><strong>Stephanus,</strong></span> 
     </span>
     <span class='ocr_line' id='line_1_31' title="bbox 240 3540 1186 3621; baseline -0.001 -15"><span class='ocrx_word' id='word_1_193' title='bbox 240 3549 363 3606; x_wconf 89' lang='lat' dir='ltr'><strong>sancta</strong></span> <span class='ocrx_word' id='word_1_194' title='bbox 384 3540 615 3605; x_wconf 86' lang='lat' dir='ltr'><strong>obstinatione</strong></span> <span class='ocrx_word' id='word_1_195' title='bbox 637 3540 847 3621; x_wconf 64' lang='lat' dir='ltr'><strong>pervicaces</strong></span> <span class='ocrx_word' id='word_1_196' title='bbox 874 3558 952 3602; x_wconf 89' lang='lat' dir='ltr'><strong>cum</strong></span> <span class='ocrx_word' id='word_1_197' title='bbox 976 3540 1100 3603; x_wconf 89' lang='lat' dir='ltr'><strong>abbate</strong></span> <span class='ocrx_word' id='word_1_198' title='bbox 1122 3561 1186 3605; x_wconf 91' lang='lat' dir='ltr'><strong>suo</strong></span> 
     </span>
     <span class='ocr_line' id='line_1_32' title="bbox 239 3639 1186 3722; baseline -0.001 -17"><span class='ocrx_word' id='word_1_199' title='bbox 239 3642 433 3706; x_wconf 89' lang='lat' dir='ltr'><strong>coenobium</strong></span> <span class='ocrx_word' id='word_1_200' title='bbox 450 3640 712 3721; x_wconf 83' lang='lat' dir='ltr'><strong>derelinquunt3</strong></span> <span class='ocrx_word' id='word_1_201' title='bbox 739 3639 1007 3721; x_wconf 85' lang='lat' dir='ltr'><strong>pronunciantes</strong></span> <span class='ocrx_word' id='word_1_202' title='bbox 1022 3659 1091 3702; x_wconf 91' lang='lat' dir='ltr'><strong>non</strong></span> <span class='ocrx_word' id='word_1_203' title='bbox 1105 3661 1186 3722; x_wconf 90' lang='lat' dir='ltr'><strong>pos-</strong></span> 
     </span>
     <span class='ocr_line' id='line_1_33' title="bbox 239 3738 1185 3823; baseline -0.001 -19"><span class='ocrx_word' id='word_1_204' title='bbox 239 3761 276 3806; x_wconf 91' lang='lat' dir='ltr'><strong>se</strong></span> <span class='ocrx_word' id='word_1_205' title='bbox 291 3741 420 3823; x_wconf 84' lang='lat' dir='ltr'><strong>regulae</strong></span> <span class='ocrx_word' id='word_1_206' title='bbox 436 3740 623 3821; x_wconf 90' lang='lat' dir='ltr'><strong>puritatem</strong></span> <span class='ocrx_word' id='word_1_207' title='bbox 638 3739 804 3802; x_wconf 86' lang='lat' dir='ltr'><strong>custodiri</strong></span> <span class='ocrx_word' id='word_1_208' title='bbox 814 3739 850 3800; x_wconf 92' lang='lat' dir='ltr'><strong>in</strong></span> <span class='ocrx_word' id='word_1_209' title='bbox 861 3738 938 3801; x_wconf 89' lang='lat' dir='ltr'><strong>loco</strong></span> <span class='ocrx_word' id='word_1_210' title='bbox 954 3739 1012 3800; x_wconf 92' lang='lat' dir='ltr'><strong>ubi</strong></span> <span class='ocrx_word' id='word_1_211' title='bbox 1030 3746 1065 3802; x_wconf 90' lang='lat' dir='ltr'><strong>et</strong></span> <span class='ocrx_word' id='word_1_212' title='bbox 1082 3759 1185 3822; x_wconf 91' lang='lat' dir='ltr'><strong>opum</strong></span> 
     </span>
     <span class='ocr_line' id='line_1_34' title="bbox 237 3837 1184 3922; baseline -0.003 -18"><span class='ocrx_word' id='word_1_213' title='bbox 237 3841 414 3922; x_wconf 90' lang='lat' dir='ltr'><strong>congeries</strong></span> <span class='ocrx_word' id='word_1_214' title='bbox 425 3847 460 3903; x_wconf 94' lang='lat' dir='ltr'><strong>et</strong></span> <span class='ocrx_word' id='word_1_215' title='bbox 471 3839 624 3903; x_wconf 90' lang='lat' dir='ltr'><strong>ciborum</strong></span> <span class='ocrx_word' id='word_1_216' title='bbox 639 3838 822 3919; x_wconf 85' lang='lat' dir='ltr'><strong>indigeries</strong></span> <span class='ocrx_word' id='word_1_217' title='bbox 838 3839 943 3901; x_wconf 89' lang='lat' dir='ltr'><strong>etiam</strong></span> <span class='ocrx_word' id='word_1_218' title='bbox 958 3837 1184 3902; x_wconf 89' lang='lat' dir='ltr'><strong>reluctantem</strong></span> 
     </span>
    </p>
   </div>
   <div class='ocr_carea' id='block_1_3' title="bbox 239 3936 1185 4019">
    <p class='ocr_par' dir='ltr' id='par_1_4' title="bbox 239 3936 1185 4019">
     <span class='ocr_line' id='line_1_35' title="bbox 239 3936 1185 4019; baseline -0.002 -16"><span class='ocrx_word' id='word_1_219' title='bbox 239 3941 390 4004; x_wconf 90' lang='lat' dir='ltr'><strong>animum</strong></span> <span class='ocrx_word' id='word_1_220' title='bbox 416 3939 615 4003; x_wconf 88' lang='lat' dir='ltr'><strong>offocarent.</strong></span> <span class='ocrx_word' id='word_1_221' title='bbox 667 3937 781 4019; x_wconf 89' lang='lat' dir='ltr'><strong>Igitur</strong></span> <span class='ocrx_word' id='word_1_222' title='bbox 799 3936 961 4001; x_wconf 88' lang='lat' dir='ltr'><strong>Cistellas</strong></span> <span class='ocrx_word' id='word_1_223' title='bbox 975 3957 1111 4015; x_wconf 88' lang='lat' dir='ltr'><strong>venere,</strong></span> <span class='ocrx_word' id='word_1_224' title='bbox 1135 3939 1185 4002; x_wconf 89' lang='lat' dir='ltr'><strong>lo·</strong></span> 
     </span>
    </p>
   </div>
   <div class='ocr_carea' id='block_1_4' title="bbox 238 4215 1190 4354">
    <p class='ocr_par' dir='ltr' id='par_1_5' title="bbox 238 4215 1190 4354">
     <span class='ocr_line' id='line_1_36' title="bbox 273 4215 1190 4290; baseline 0.002 -19"><span class='ocrx_word' id='word_1_225' title='bbox 273 4221 281 4250; x_wconf 93' lang='lat'><strong>¹</strong></span> <span class='ocrx_word' id='word_1_226' title='bbox 295 4215 446 4288; x_wconf 70' lang='lat' dir='ltr'><strong>Suscipere]</strong></span> <span class='ocrx_word' id='word_1_227' title='bbox 466 4220 499 4270; x_wconf 74' lang='lat' dir='ltr'><strong>A.</strong></span> <span class='ocrx_word' id='word_1_228' title='bbox 512 4221 547 4271; x_wconf 88' lang='lat' dir='ltr'><strong>D.</strong></span> <span class='ocrx_word' id='word_1_229' title='bbox 558 4222 589 4270; x_wconf 86' lang='lat' dir='ltr'><strong>E.</strong></span> <span class='ocrx_word' id='word_1_230' title='bbox 601 4223 632 4270; x_wconf 90' lang='lat' dir='ltr'><strong>L.</strong></span> <span class='ocrx_word' id='word_1_231' title='bbox 644 4237 649 4281; x_wconf 83' lang='lat'>;</span> <span class='ocrx_word' id='word_1_232' title='bbox 662 4237 699 4270; x_wconf 89' lang='lat' dir='ltr'><strong>re·</strong></span> <span class='ocrx_word' id='word_1_233' title='bbox 762 4218 952 4290; x_wconf 60' lang='lat' dir='ltr'><strong>mingebant]</strong></span> <span class='ocrx_word' id='word_1_234' title='bbox 972 4223 1000 4273; x_wconf 85' lang='lat' dir='ltr'><strong>S.</strong></span> <span class='ocrx_word' id='word_1_235' title='bbox 1013 4225 1060 4283; x_wconf 81' lang='lat' dir='ltr'><strong>L.;</strong></span> <span class='ocrx_word' id='word_1_236' title='bbox 1086 4225 1190 4273; x_wconf 90' lang='lat' dir='ltr'><strong>omitted</strong></span> 
     </span>
     <span class='ocr_line' id='line_1_37' title="bbox 238 4292 931 4354; baseline 0 -13"><span class='ocrx_word' id='word_1_237' title='bbox 238 4293 333 4354; x_wconf 87' lang='lat' dir='ltr'><strong>cipere,</strong></span> <span class='ocrx_word' id='word_1_238' title='bbox 344 4292 373 4341; x_wconf 84' lang='lat' dir='ltr'><strong>S.</strong></span> <span class='ocrx_word' id='word_1_239' title='bbox 387 4293 417 4340; x_wconf 87' lang='lat' dir='ltr'><strong>C.</strong></span> <span class='ocrx_word' id='word_1_240' title='bbox 728 4292 752 4337; x_wconf 89' lang='lat' dir='ltr'><strong>in</strong></span> <span class='ocrx_word' id='word_1_241' title='bbox 764 4293 798 4341; x_wconf 80' lang='lat' dir='ltr'><strong>A.</strong></span> <span class='ocrx_word' id='word_1_242' title='bbox 813 4294 842 4342; x_wconf 82' lang='lat' dir='ltr'><strong>C.</strong></span> <span class='ocrx_word' id='word_1_243' title='bbox 852 4292 886 4343; x_wconf 91' lang='lat' dir='ltr'><strong>D.</strong></span> <span class='ocrx_word' id='word_1_244' title='bbox 900 4294 931 4342; x_wconf 87' lang='lat' dir='ltr'><strong>E.</strong></span> 
     </span>
    </p>
   </div>
   <div class='ocr_carea' id='block_1_5' title="bbox 0 0 1583 4982">
    <p class='ocr_par' dir='ltr' id='par_1_6' title="bbox 0 0 1583 4982">
     <span class='ocr_line' id='line_1_38' title="bbox 0 0 1583 4982; baseline 0 0"><span class='ocrx_word' id='word_1_245' title='bbox 0 0 1583 4982; x_wconf 95' lang='lat' dir='ltr'><strong> </strong></span> 
     </span>
    </p>
   </div>
  </div>
 </body>
</html>
