3152 4970
198 484 338 564 moy]
426 499 540 546 casm
565 498 692 546 aucun
716 497 931 546 nucnouun.
1084 482 1150 546 639

200 656 298 718 miles
324 655 446 737 pennis
471 675 635 718 aucarum
661 655 720 717 ubi
742 653 906 718 desinunt
926 654 1066 736 plumae,
1088 654 1150 717 sed

200 755 305 836 paulo
329 755 409 836 plus
440 765 591 836 grossee3
625 755 725 835 nigro
751 761 786 817 et
809 754 888 817 albo
914 753 1015 836 quasi
1042 755 1149 817 inter-

201 855 331 918 tinctae.
1002 869 1006 877 ·

253 952 271 1036 §
295 952 371 1014 410.
397 951 491 1015 Illud
515 959 643 1034 praeter
670 958 797 1016 caetera
829 949 1018 1015 Henricum
1041 952 1150 1033 insig-

203 1053 332 1128 niebat,
350 1051 454 1132 quod,
472 1051 631 1133 quamvis
642 1071 706 1133 pro
720 1051 923 1115 tumultibus
939 1051 1151 1115 Normanni·

205 1151 255 1214 cis
274 1169 366 1232 saepe
383 1157 418 1213 et
432 1150 491 1213 diu
509 1170 616 1231 regno
641 1169 705 1213 suo
720 1152 866 1227 deesset,
881 1149 931 1213 ita
947 1151 1070 1214 timore
1088 1168 1151 1213 suo

205 1249 349 1313 rebelles
363 1248 545 1327 fraenabat,
559 1257 599 1312 ut
615 1249 699 1312 nihil
713 1250 809 1331 pacis
820 1250 855 1312 in
871 1247 1002 1330 Anglia
1018 1248 1151 1312 deside-

205 1367 321 1428 rares;
345 1348 507 1434 quocirca
527 1349 631 1412 etiam
652 1355 782 1411 exterae
807 1355 928 1429 gentes
948 1349 1043 1424 illuc,
1056 1347 1152 1415 velut

208 1448 251 1510 ad
265 1449 405 1510 unicum
420 1454 507 1511 tutae
522 1447 648 1529 quietis
665 1454 815 1528 portum,
836 1447 983 1510 libenter
1000 1446 1153 1528 appelle-

207 1548 302 1611 bant.
355 1547 515 1627 Denique
530 1546 707 1609 Siwardus
722 1566 784 1609 rex
802 1544 1020 1621 Noricorum,
1041 1544 1153 1627 primo
1165 1559 1306 1608 simmae

209 1646 275 1709 aevi
309 1663 474 1727 processu
510 1644 708 1713 fortissimis
744 1643 982 1721 conferendus
1015 1645 1153 1725 incepto
1165 1611 1291 1659 mm*

207 1745 329 1808 itinere
350 1743 650 1826 Ierosolymitano,
674 1751 865 1824 rogataque
891 1745 985 1824 regis
1004 1762 1102 1825 pace,
1118 1742 1154 1804 in

210 1842 341 1924 Anglia
367 1849 443 1906 tota
464 1843 591 1907 resedit
610 1842 752 1924 hyeme3
776 1841 993 1924 plurimoque
1015 1861 1077 1922 per
1098 1860 1154 1905 ec-

210 1942 335 2004 clesias
353 1959 438 2005 auro
452 1961 618 2023 expenso,
638 1960 733 2017 mox,
751 1949 791 2003 ut
807 1940 984 2004 Favonius
1002 1940 1046 2002 ad
1063 1959 1153 2002 sere-

212 2041 355 2103 nitatem
370 2040 486 2122 pelagi
499 2040 659 2104 vernales
673 2048 792 2121 portas
815 2040 962 2121 aperuit,
978 2057 1086 2102 naves
1102 2058 1155 2100 re-

211 2140 313 2221 petiit
326 2159 335 2217 ;
358 2148 611 2221 provectusque
621 2139 658 2201 in
675 2138 798 2214 altum,
810 2132 819 2168 ¹
832 2137 996 2201 Baleares
1011 2137 1156 2213 insulaS,

213 2256 291 2320 quae
317 2237 488 2320 Majorica
510 2246 545 2302 et
568 2237 740 2300 Minorica
762 2237 937 2311 dicuntur,
960 2236 1064 2299 armis
1086 2243 1155 2298 ter·

214 2337 311 2412 ritas,
327 2335 498 2399 faciliores
515 2336 559 2400 ad
581 2335 808 2416 subigendum
823 2334 970 2416 praefato
982 2334 1159 2399 Willelmo

214 2435 257 2498 de
273 2434 396 2498 Monte
413 2434 560 2499 Pislerio
576 2435 727 2517 reliquit.
772 2434 859 2497 Inde
874 2434 1048 2516 pertendit
1063 2433 1158 2496 Iero-

215 2533 396 2616 solymam,
421 2535 569 2597 navibus
596 2534 760 2608 omnibusv
780 2533 1008 2596 incolumibus
1034 2538 1162 2615 praeter

215 2651 341 2711 unam;
365 2651 455 2714 quee,
470 2633 552 2695 dum
572 2631 763 2697 retinacula
778 2652 799 2695 a
815 2639 919 2714 portu
941 2633 1075 2695 solvere
1089 2637 1161 2692 tar-

218 2730 290 2808 dat,
315 2732 480 2814 absorpta
503 2739 558 2795 est
580 2733 721 2794 immani
746 2732 913 2812 voragine
935 2729 1057 2817 (quam
1073 2731 1165 2792 inter

219 2830 413 2912 Sequanica
427 2837 462 2893 et
480 2829 687 2912 Aquitanica
702 2831 821 2894 littora
838 2849 913 2892 esse
927 2823 1078 2892 ²Paulus
1093 2828 1163 2890 his·

219 2928 348 2991 toricus
379 2928 687 3009 Longobardorum
724 2925 932 3011 asseverat),
968 2935 1067 2991 tanto
1100 2941 1165 2989 un²

220 3026 341 3090 darum
369 3028 501 3108 impetu
525 3034 566 3090 ut
594 3028 637 3090 ad
664 3027 810 3107 triginta
835 3025 997 3088 milliaria
1019 3024 1166 3104 garruli·

221 3132 276 3188 tas
286 3126 501 3188 discernatur
514 3143 695 3204 aquarum.
747 3123 998 3204 lerosolymam
1012 3123 1167 3198 venienS,

221 3222 353 3304 Tyrum
378 3228 413 3285 et
437 3221 611 3298 Sidonem,
638 3222 741 3284 urbes
770 3240 857 3302 quas
883 3239 977 3284 mare
999 3220 1168 3296 allambit,

221 3321 266 3384 ad
281 3320 553 3384 Christianitatis
577 3321 727 3402 gratiam
745 3319 891 3396 obsedit,
915 3319 1061 3400 effregit,
1087 3319 1169 3381 sub-

222 3421 305 3502 egit.
359 3419 499 3483 Mutato
528 3420 651 3483 itinere
675 3417 1013 3500 Constantinopolim
1036 3418 1170 3498 ingres-

258 3626 419 3692 ¹Buleures.]
436 3629 469 3679 A.
487 3630 516 3680 S.
531 3632 560 3679 G.
578 3630 613 3678 D.
627 3627 684 3678 Ed.
709 3628 804 3689 empire
839 3628 874 3688 by
902 3625 1086 3688 Oharlemagne
1117 3641 1172 3676 was

225 3697 272 3753 L.;
289 3699 501 3760 Belcarum,E1.
709 3697 829 3747 founded.
882 3695 979 3757 Sharpe
1006 3710 1075 3757 says,
1103 3696 1173 3744 ‘that

711 3767 886 3826 Malmesbury
896 3765 955 3813 here
967 3779 1048 3813 seems
1056 3769 1082 3812 to
1093 3764 1173 3825 imply

259 3831 372 3884 2Ρααῑιιε
383 3834 686 3897 historicuehongobardo·
709 3835 764 3883 that
782 3835 824 3882 the
842 3836 924 3882 vessel
943 3847 998 3882 was
1018 3833 1068 3880 lost
1085 3834 1111 3880 in
1130 3833 1172 3880 the

141 3937 149 3944 -
224 3904 306 3966 rum]
336 3904 435 3950 Paulus
464 3905 605 3966 Diaconus,
633 3905 687 3954 also
710 3904 935 3959 Mediterraneum
962 3904 1009 3950 but
1033 3901 1057 3949 if
1076 3915 1113 3960 so,
1140 3901 1173 3948 he

226 3973 308 4021 called
320 3971 439 4033 Winfrid,
450 3987 504 4020 was
523 3977 650 4034 secretary
661 3979 687 4022 to
709 3971 912 4021 misunderetood
923 3971 1022 4019 Paulus
1033 3970 1174 4030 Diaconus,

226 4043 386 4102 Desiderius,
412 4041 510 4089 laetos
533 4043 575 4090 the
602 4043 687 4090 native
711 4041 769 4090 who
787 4042 811 4088 ie
828 4041 953 4101 speaking
971 4039 1001 4086 of
1014 4039 1055 4086 the
1067 4038 1136 4086 Race
1147 4038 1177 4085 of

225 4112 334 4172 princes¹
347 4110 377 4158 of
394 4111 547 4170 Lombardy.
588 4111 688 4160 Paulus
711 4109 859 4170 Alderney.'
874 4109 940 4156 Vide
953 4108 1029 4156 Paul.
1041 4108 1116 4155 Diuo.
1127 4107 1172 4155 lib.

226 4186 304 4229 wrote
323 4181 364 4228 his
383 4180 489 4240 History
507 4179 537 4227 of
550 4179 592 4227 the
612 4181 686 4228 Iom-
711 4193 730 4228 1.
742 4193 765 4228 c.
777 4183 809 4238 63
830 4193 870 4238 ap.
890 4177 1027 4237 Muretori,
1043 4177 1102 4224 Rer.
1114 4175 1173 4226 Ital.

223 4249 310 4311 harde,
325 4251 351 4297 in
374 4249 414 4298 six
435 4248 525 4311 books,
542 4249 627 4297 before
646 4249 687 4297 the
712 4249 804 4308 Script.
815 4251 874 4295 tom.
887 4259 905 4294 1.
