3148 4982
383 507 449 572 462
594 523 709 571 onera
732 523 858 570 ancum
884 523 1098 570 nnouoauu.
1179 508 1338 588 [marn.

383 678 582 742 memoriam
603 677 736 759 ingenti
759 678 920 759 congerie
940 678 1076 759 argenti
1092 685 1128 742 et
1151 679 1239 756 auri,
1257 697 1335 741 cum

384 797 596 860 gemmarum
613 780 702 857 luce,
716 779 901 862 conspicue
916 778 1111 844 adornavit.

703 969 751 1015 DE
774 969 1019 1016 BERENGARIO.

220 1097 349 1138 romualt
435 1076 552 1160 §284
578 1077 661 1140 Fuit
687 1076 753 1140 hoc
777 1085 931 1160 tempore
955 1075 1199 1157 Berengarius,
1222 1075 1335 1142 'l'uro-

221 1150 335 1199 B⁰¹⁸¹¹⁸⁸¹'
384 1177 500 1240 nensis
516 1176 758 1253 haeresiarcha,
774 1176 834 1260 qui
852 1196 976 1259 panem
990 1184 1025 1240 et
1042 1176 1160 1240 vinum
1176 1177 1212 1239 in
1230 1176 1334 1240 altari

383 1277 556 1359 apposita,
580 1284 660 1358 post
679 1277 974 1341 consecrationem
996 1275 1198 1352 sacerdotiS,
1214 1296 1333 1339 verum

382 1384 418 1440 et
442 1376 671 1441 substantiale
692 1396 818 1459 corpus
842 1377 984 1441 Domini
1002 1374 1112 1462 (sicut
1133 1382 1255 1439 sancta
1276 1395 1332 1439 ec·

382 1476 488 1539 clesia
517 1473 702 1560 praedicat)
725 1494 801 1540 esse
825 1476 1032 1558 denegabat.
1083 1475 1234 1557 Jamque
1256 1494 1332 1539 sca·

384 1576 480 1639 tebat
510 1577 622 1639 omnis
655 1574 773 1640 Galba
802 1576 877 1659 ejus
913 1576 1082 1653 doctrina,
1112 1593 1174 1657 per
1204 1593 1332 1656 egenos

382 1675 556 1739 scholares
570 1673 674 1761 (quos
689 1676 765 1758 ipse
781 1675 984 1758 quotidiana
999 1677 1089 1756 stipe
1105 1670 1332 1758 sollicitabat)

382 1775 616 1840 disseminata.
669 1774 772 1839 Unde
794 1775 962 1840 soliditati
988 1774 1168 1839 catholicae
1194 1775 1331 1852 timens,

382 1867 525 1939 ¹sanctae
539 1875 712 1938 memoriae
732 1875 804 1938 Leo
817 1894 922 1957 papa,
932 1874 1102 1939 Vercellis
1118 1881 1241 1936 contra
1254 1893 1332 1936 eum

382 1975 542 2040 instituto
558 1974 716 2052 concilio,
731 1976 891 2039 tenebras
910 1975 1066 2038 nebulosi
1082 1973 1206 2038 erroris
1228 1991 1333 2038 evan-

349 2132 352 2140 .
381 2074 569 2155 gelicorum
598 2075 872 2138 testimoniorum
902 2074 1040 2156 fulgure
1075 2073 1231 2156 depulit3
1271 2073 1332 2136 sed

381 2194 460 2237 cum
483 2182 564 2257 post
578 2175 710 2238 obitum
732 2174 808 2258 ejus
824 2174 920 2238 virus
943 2174 1126 2251 haereseos,
1143 2172 1202 2235 diu
1226 2173 1263 2235 in
1285 2173 1331 2235 si·

381 2275 483 2337 nibus
510 2274 727 2357 quorundam
752 2274 961 2338 nebulonum
991 2273 1180 2349 confotum,
1208 2273 1332 2335 iterum

381 2381 587 2455 erumperet,
603 2373 864 2437 Hildebrandus
877 2393 955 2436 cum
968 2372 1230 2437 archidiaconus
1243 2378 1334 2436 esset

382 2472 545 2550 Turonis,
576 2492 659 2536 mox
688 2491 782 2555 papa
809 2473 943 2549 Romae,
975 2471 1137 2536 adunatis
1166 2471 1332 2548 conciliis,

382 2572 576 2636 convictum
599 2572 644 2636 ad
668 2572 839 2654 dogmatis
856 2573 911 2636 sui
936 2572 1122 2636 anathema
1147 2571 1331 2653 compulit:

383 2691 461 2752 quae
488 2673 619 2754 scripta
643 2672 715 2735 suis
743 2672 841 2750 locis,
870 2672 930 2754 qui
957 2672 1142 2748 desiderat,
1166 2671 1332 2734 inveniet.

383 2769 653 2853 Responderunt
676 2772 708 2834 ei
728 2765 842 2835 ²libris
859 2771 1075 2835 Lanfrancus
1102 2770 1331 2852 archiepisco-

382 2890 460 2952 pus,
481 2871 542 2934 sed
563 2871 737 2953 praecipue
761 2879 796 2935 et
820 2870 956 2936 fortiter
981 2869 1213 2948 GuimunduS,
1236 2871 1332 2951 prius

382 2970 570 3034 monachus
582 2971 624 3033 de
640 2978 761 3034 sancto
776 2970 946 3034 Leufredo
959 2970 1196 3047 Normanniae,
1210 2977 1333 3052 postea

382 3071 564 3153 episcopus
575 3068 777 3134 Aversanus
788 3068 939 3152 Apuliae,
954 3071 1064 3134 nostri
1078 3069 1243 3151 temporis
1260 3068 1332 3133 elo·

382 3171 639 3251 quentissimus.
691 3169 814 3247 Porro,
833 3170 915 3234 licet
930 3170 1162 3251 Berengarius
1184 3169 1330 3250 primum

381 3269 531 3333 calorem
555 3270 752 3353 juventutis
782 3269 976 3352 aliquarum
1004 3269 1187 3332 haeresium
1215 3268 1332 3332 defen-

381 3370 478 3432 sione
493 3369 725 3447 infamaverit,
744 3388 820 3434 aevo
846 3369 1036 3433 austeriore
1058 3369 1110 3434 ita
1132 3368 1278 3450 resipuit
1292 3375 1332 3432 ut

381 3469 456 3531 sine
474 3469 719 3533 retractatione
734 3489 756 3532 a
772 3469 977 3552 quibusdam
992 3475 1134 3532 sanctus
1149 3468 1329 3545 habeatur,

381 3553 569 3632 innumeris
593 3570 705 3646 bonis,
729 3569 947 3651 maximeque
968 3567 1162 3634 humilitate
1185 3575 1220 3631 et
1242 3566 1330 3632 elee-

380 3669 545 3751 mosynis,
558 3669 770 3750 approbatus
783 3689 792 3747 3
806 3668 981 3750 largarum
994 3667 1250 3749 possessionum
1263 3667 1334 3730 dis-

415 3955 557 4021 ¹Suactoe.]
575 3958 600 4006 E
608 3961 649 4016 l.;
666 3959 844 4022 sanctissima,
868 3959 901 4008 de
919 3974 1022 4020 corpore
1039 3965 1065 4008 et
1081 3960 1204 4021 sanguine
1219 3960 1331 4011 Domini.

380 4029 414 4078 Α.
426 4029 455 4079 S.
469 4031 499 4079 C.
511 4029 546 4078 D.
558 4029 613 4076 Ea.
626 4027 658 4077 L.
868 4029 1035 4090 Laudamus,
1054 4035 1118 4078 teste
1135 4030 1223 4078 eodem
1239 4030 1330 4079 biblio-

416 4096 426 4130 ²
444 4099 530 4147 Libris
549 4097 724 4161 Lansrmna]
740 4097 842 4158 ‘Scrip-
869 4099 974 4161 grapho,
996 4100 1098 4160 scripsit
1123 4100 1222 4159 laudes,
1243 4102 1332 4149 trium·

380 4169 423 4230 sit,
440 4170 523 4229 inquit
534 4168 690 4229 sigebertus,
703 4168 842 4216 invectivas
868 4169 941 4231 phos,
952 4175 978 4218 et
984 4184 1025 4218 res
1032 4173 1116 4231 gestas
1125 4169 1258 4220 Guillelmi
1266 4171 1330 4219 Nor·

380 4244 466 4287 contra
480 4239 662 4298 Berengarium
671 4238 840 4286 Turonensem
868 4254 1014 4288 marmorum
1047 4235 1162 4290 comitis.’
1196 4240 1276 4306 (Note
1303 4241 1329 4289 iu

379 4309 509 4371 epistolas,
530 4307 647 4357 refellens
670 4309 765 4369 scripta
785 4309 842 4370 ejus
868 4310 951 4369 Bouq.
964 4322 1002 4358 ru.
1015 4306 1084 4374 lul.)
