3080 4960
218 455 377 537 muru]
502 473 676 522 urseolus
700 475 879 523 novumn.
1102 460 1167 527 761

212 628 355 693 liberari
371 647 474 711 posse
497 631 669 712 principes
685 651 772 713 quos
796 631 935 696 fortuna
955 650 1020 695 sua
1041 632 1165 698 innex·
1177 645 1313 697 Reeritula·

1175 696 1221 736 tlon
1229 699 1255 737 oi
1259 699 1296 738 the

214 728 324 793 uisset
341 735 476 792 catena.
521 729 677 794 Tandem
694 750 798 812 porro
811 730 1064 796 communicato
1081 753 1164 798 con·
1174 747 1320 838 affgepflcpp·

216 829 306 905 silio,
322 827 520 911 quicunque
541 829 752 911 imperatrici
775 829 953 909 favebant,
971 831 1099 895 crebris
1115 833 1163 898 le-
1174 847 1233 888 duot-
1307 820 1316 830 ’

213 927 412 1008 gationibus
430 928 589 992 comitem
606 929 827 1007 conveniunt,
840 937 880 993 ut
897 931 1063 1013 quianon
1082 952 1161 1015 pos-

213 1034 266 1090 set
292 1026 385 1109 quod
401 1027 518 1105 vellet,
540 1028 728 1092 secundum
756 1029 877 1092 comici
899 1029 1042 1108 dictum,
1056 1031 1162 1096 vellet

213 1127 305 1210 quod
320 1133 457 1208 posset:
481 1132 659 1208 pateretur
676 1146 759 1208 ergo
783 1147 900 1210 regem
917 1135 1004 1192 etse
1021 1129 1161 1194 liberari

211 1225 340 1290 mutuis
370 1224 645 1306 conditionibus3
677 1214 853 1307 ‘alioquin
878 1228 1063 1306 timemus,'
1088 1230 1160 1294 aie·

210 1326 307 1402 bant,
332 1329 399 1388 ‘ne
425 1325 567 1389 comites
592 1324 676 1390 facti
704 1325 759 1390 sui
787 1327 931 1392 maximi
955 1334 991 1391 et
1014 1329 1159 1409 praecla-

210 1424 350 1514 rissimi,
363 1443 432 1505 quo
455 1430 491 1486 te
510 1430 687 1507 ceperunt,
702 1425 808 1488 erecti
830 1426 1053 1504 conscientia,
1069 1446 1157 1492 unos

210 1529 246 1586 et
272 1541 361 1588 unos
384 1542 428 1587 ex
451 1523 550 1587 nobis
572 1522 751 1600 invadant,
775 1525 919 1588 castella
941 1532 1157 1609 expugnent,

208 1622 321 1704 ipsam
335 1641 488 1686 sororem
506 1629 601 1686 tuam
618 1615 833 1688 ¹obsidiant.'

260 1721 278 1804 ξ
308 1720 363 1787 62.
385 1721 477 1785 Tum
504 1721 641 1785 demum
669 1722 844 1786 Robertus
860 1721 1015 1807 mollitus
1038 1721 1156 1806 legato

209 1825 245 1884 et
270 1820 528 1903 archiepiscopo
556 1822 725 1900 assensit3
763 1821 815 1885 ita
836 1828 964 1899 tamen,
990 1842 1033 1886 ne
1059 1824 1156 1906 quic-

208 1929 313 2001 quam
337 1920 557 1984 castellorum
572 1920 629 1984 vel
651 1926 821 1984 terrarum
842 1920 1043 1985 redderetur
1062 1923 1156 2004 quod

204 2025 289 2101 post
305 2019 398 2100 regis
413 2020 608 2102 captionem
625 2019 731 2103 injus
752 2020 981 2103 imperatricis
998 2021 1055 2084 vel
1070 2041 1156 2105 quo-

208 2137 353 2200 rumque
384 2117 536 2182 fidelium
570 2119 646 2203 ejus
675 2119 872 2183 transierat.
940 2119 1035 2183 Illud
1071 2141 1155 2188 sane

208 2217 304 2282 nullo
328 2219 442 2301 potuit
466 2219 622 2283 obtinere
643 2219 745 2282 modo
767 2225 939 2299 quatenus
961 2219 1015 2282 sui
1037 2238 1155 2284 secum

200 2317 457 2396 liberarentur3
481 2316 620 2382 offensis
636 2317 797 2382 videlicet
813 2317 903 2396 aliis,
921 2317 1013 2402 quod
1035 2326 1154 2384 tantas

205 2435 324 2481 eorum
349 2417 594 2499 promissiones
607 2416 660 2496 ude
688 2418 886 2501 principatu
911 2418 1020 2481 totius
1042 2418 1153 2500 regni,

205 2517 356 2598 quodam
373 2517 474 2598 quasi
486 2515 580 2581 fastu
597 2516 788 2594 fastidiens,
805 2515 1059 2598 repudiaverat.
1104 2519 1152 2582 Et

204 2616 288 2698 quia
301 2617 453 2680 maxime
463 2616 709 2680 annitebantur
719 2622 768 2693 ut,
780 2623 922 2699 propter
932 2615 1065 2698 regiam
1073 2617 1151 2700 dig-

205 2716 361 2794 nitatem,
386 2716 496 2799 primo
514 2733 578 2780 rex
593 2715 810 2792 liberaretur,
825 2709 1003 2797 ²deinceps
1018 2736 1149 2798 comes;

196 2833 283 2880 -cum
293 2815 329 2879 id
346 2815 405 2880 ille
422 2815 597 2879 dubitaret
613 2814 812 2891 concedere,
823 2814 1047 2879 firmaverunt
1052 2814 1152 2899 jure-

197 2915 349 2999 jurando
371 2915 509 2996 legatus
531 2921 567 2978 et
588 2915 879 2996 archiepiscopus,
904 2913 1009 2998 quod,
1032 2915 1062 2977 si
1085 2935 1149 2980 rex

203 3020 284 3096 post
296 3015 534 3077 liberationem
550 3032 648 3076 suam
665 3012 874 3076 detrectaret
890 3013 1050 3076 comitem
1063 3013 1149 3076 libe·

202 3132 292 3189 rare,
312 3113 381 3194 ipsi
405 3131 443 3175 se
467 3113 505 3175 in
529 3112 723 3193 captionem
748 3112 885 3174 comitis
908 3111 1150 3176 incunctanter

200 3212 394 3295 injicerent,
411 3229 616 3292 quocunque
627 3210 695 3292 ipsi
709 3210 868 3274 libuisset
884 3209 1101 3291 abducendi.¹

254 3310 338 3394 §63.
363 3309 440 3374 Nec
456 3309 570 3374 adbuc
586 3310 729 3392 quievit,
744 3308 816 3386 sed,
830 3316 958 3391 praeter
977 3309 1063 3387 baec,
1079 3329 1149 3392 quo

203 3409 270 3474 sibi
299 3409 498 3493 provideret
531 3427 645 3490 sagax
671 3408 805 3472 animus
841 3408 996 3472 invenit:
1028 3417 1148 3491 posset

202 3529 325 3592 nempe
339 3509 413 3572 fieri
428 3514 468 3572 ut
483 3528 558 3584 rex,
572 3508 753 3585 malorum,
770 3507 867 3589 quod
878 3526 971 3592 saepe
987 3508 1039 3585 fit,
1055 3529 1146 3591 prae·

201 3609 328 3674 uentus
345 3609 501 3684 consilio,
519 3609 714 3690 captionem
724 3607 842 3671 fratris
859 3607 913 3670 sui
930 3613 966 3670 et
980 3609 1149 3692 archiepi-

202 3709 300 3791 scopi
317 3708 417 3790 parvi
432 3709 573 3770 duceret
587 3707 772 3771 dummodo
787 3707 861 3790 ipse
873 3707 960 3782 liber
975 3707 1013 3770 in
1029 3709 1148 3790 pluma

196 3809 342 3892 jaceret.
393 3807 525 3888 Exegit
540 3827 623 3888 ergo
640 3808 684 3871 ab
702 3813 850 3888 utroque
873 3805 1053 3886 sigillatim
1070 3808 1148 3870 bre-

201 3909 260 3973 via
277 3916 311 3972 et
326 3907 442 3990 sigilla
457 3925 522 3969 sua
538 3905 582 3968 ad
599 3907 827 3996 apostolicum
838 3905 874 3968 in
885 3905 977 3968 bunc
991 3923 1148 3987 sensum;

200 4244 221 4294 S
235 4168 241 4199 ¹
242 4171 408 4292 ἕῠὶἰάίαηιᾷ
435 4173 467 4222 Ε.
474 4185 484 4234 3
507 4172 663 4234 oppugnent,
689 4166 734 4289 L}
745 4169 887 4233 Deinceps]
902 4169 951 4230 E.;
962 4169 1064 4231 deinde,
1076 4169 1105 4220 S.
1114 4171 1149 4222 D.

222 4279 228 4294 .
270 4279 277 4294 .
319 4247 344 4291 2·
735 4275 742 4292 .
