<?xml version="1.0" encoding="UTF-8"?>
<!DOCTYPE html PUBLIC "-//W3C//DTD XHTML 1.0 Transitional//EN"
    "http://www.w3.org/TR/xhtml1/DTD/xhtml1-transitional.dtd">
<html xmlns="http://www.w3.org/1999/xhtml" xml:lang="en" lang="en">
 <head>
  <title>
</title>
<meta http-equiv="Content-Type" content="text/html;charset=utf-8" />
  <meta name='ocr-system' content='tesseract 3.04.00' />
  <meta name='ocr-capabilities' content='ocr_page ocr_carea ocr_par ocr_line ocrx_word'/>
</head>
<body>
  <div class='ocr_page' id='page_1' title='image "./willelmimalmesb00hardgoog_0377.png"; bbox 0 0 3080 4960; ppageno 0'>
   <div class='ocr_carea' id='block_1_1' title="bbox 207 487 1161 574">
    <p class='ocr_par' dir='ltr' id='par_1_1' title="bbox 207 487 1161 574">
     <span class='ocr_line' id='line_1_1' title="bbox 207 487 1161 574; baseline 0.005 -20"><span class='ocrx_word' id='word_1_1' title='bbox 207 487 356 574; x_wconf 82' lang='lat' dir='ltr'>ma&#39;.11.]</span> <span class='ocrx_word' id='word_1_2' title='bbox 500 508 674 558; x_wconf 76' lang='lat' dir='ltr'>nrsroarn</span> <span class='ocrx_word' id='word_1_3' title='bbox 697 508 876 558; x_wconf 74' lang='lat' dir='ltr'>Novanus.</span> <span class='ocrx_word' id='word_1_4' title='bbox 1096 491 1161 560; x_wconf 73' lang='lat'>⁷31</span> 
     </span>
    </p>
   </div>
   <div class='ocr_carea' id='block_1_2' title="bbox 123 656 1167 3829">
    <p class='ocr_par' dir='ltr' id='par_1_2' title="bbox 123 656 1167 3829">
     <span class='ocr_line' id='line_1_2' title="bbox 205 656 1163 746; baseline 0.008 -22"><span class='ocrx_word' id='word_1_5' title='bbox 205 662 434 728; x_wconf 83' lang='lat' dir='ltr'>ruricolarum</span> <span class='ocrx_word' id='word_1_6' title='bbox 463 681 573 744; x_wconf 91' lang='lat' dir='ltr'>usque</span> <span class='ocrx_word' id='word_1_7' title='bbox 597 663 641 728; x_wconf 89' lang='lat' dir='ltr'>ad</span> <span class='ocrx_word' id='word_1_8' title='bbox 664 656 833 728; x_wconf 89' lang='lat' dir='ltr'>¹stramen</span> <span class='ocrx_word' id='word_1_9' title='bbox 861 663 1037 746; x_wconf 78' lang='lat' dir='ltr'><strong>expilatis,</strong></span> <span class='ocrx_word' id='word_1_10' title='bbox 1065 663 1163 746; x_wconf 90' lang='lat' dir='ltr'>ipsos</span> 
     </span>
     <span class='ocr_line' id='line_1_3' title="bbox 208 763 1160 844; baseline 0.004 -18"><span class='ocrx_word' id='word_1_11' title='bbox 208 763 345 826; x_wconf 89' lang='lat' dir='ltr'>vinctos</span> <span class='ocrx_word' id='word_1_12' title='bbox 369 763 652 843; x_wconf 81' lang='lat' dir='ltr'>incarcerabant3</span> <span class='ocrx_word' id='word_1_13' title='bbox 683 783 759 841; x_wconf 88' lang='lat' dir='ltr'>nec,</span> <span class='ocrx_word' id='word_1_14' title='bbox 789 763 856 828; x_wconf 88' lang='lat' dir='ltr'>nisi</span> <span class='ocrx_word' id='word_1_15' title='bbox 881 765 1039 828; x_wconf 90' lang='lat' dir='ltr'>omnibus</span> <span class='ocrx_word' id='word_1_16' title='bbox 1063 782 1160 844; x_wconf 84' lang='lat' dir='ltr'>quae·</span> 
     </span>
     <span class='ocr_line' id='line_1_4' title="bbox 210 857 1160 947; baseline 0.003 -22"><span class='ocrx_word' id='word_1_17' title='bbox 210 879 347 943; x_wconf 89' lang='lat' dir='ltr'>cunque</span> <span class='ocrx_word' id='word_1_18' title='bbox 362 861 547 940; x_wconf 88' lang='lat' dir='ltr'>habebant,</span> <span class='ocrx_word' id='word_1_19' title='bbox 565 870 600 927; x_wconf 89' lang='lat' dir='ltr'>et</span> <span class='ocrx_word' id='word_1_20' title='bbox 614 857 838 947; x_wconf 87' lang='lat' dir='ltr'>²quocunque</span> <span class='ocrx_word' id='word_1_21' title='bbox 854 863 958 930; x_wconf 90' lang='lat' dir='ltr'>modo</span> <span class='ocrx_word' id='word_1_22' title='bbox 981 863 1160 944; x_wconf 75' lang='lat' dir='ltr'>acquirere</span> 
     </span>
     <span class='ocr_line' id='line_1_5' title="bbox 209 962 1159 1046; baseline 0.002 -22"><span class='ocrx_word' id='word_1_23' title='bbox 209 967 382 1042; x_wconf 88' lang='lat' dir='ltr'>poterant,</span> <span class='ocrx_word' id='word_1_24' title='bbox 404 962 441 1025; x_wconf 90' lang='lat' dir='ltr'>in</span> <span class='ocrx_word' id='word_1_25' title='bbox 467 962 737 1044; x_wconf 79' lang='lat' dir='ltr'>redemptionem</span> <span class='ocrx_word' id='word_1_26' title='bbox 759 964 985 1046; x_wconf 65' lang='lat' dir='ltr'>consumptis</span> <span class='ocrx_word' id='word_1_27' title='bbox 1007 963 1159 1028; x_wconf 86' lang='lat' dir='ltr'>dimitte-</span> 
     </span>
     <span class='ocr_line' id='line_1_6' title="bbox 210 1059 1158 1146; baseline 0.004 -21"><span class='ocrx_word' id='word_1_28' title='bbox 210 1060 305 1125; x_wconf 90' lang='lat' dir='ltr'>bant.</span> <span class='ocrx_word' id='word_1_29' title='bbox 338 1059 463 1125; x_wconf 88' lang='lat' dir='ltr'>Plures</span> <span class='ocrx_word' id='word_1_30' title='bbox 477 1062 514 1126; x_wconf 91' lang='lat' dir='ltr'>in</span> <span class='ocrx_word' id='word_1_31' title='bbox 527 1063 612 1144; x_wconf 91' lang='lat' dir='ltr'>ipsis</span> <span class='ocrx_word' id='word_1_32' title='bbox 627 1063 810 1128; x_wconf 87' lang='lat' dir='ltr'>tormentis</span> <span class='ocrx_word' id='word_1_33' title='bbox 826 1064 952 1146; x_wconf 91' lang='lat' dir='ltr'>quibus</span> <span class='ocrx_word' id='word_1_34' title='bbox 968 1062 1012 1128; x_wconf 91' lang='lat' dir='ltr'>ad</span> <span class='ocrx_word' id='word_1_35' title='bbox 1026 1081 1064 1127; x_wconf 87' lang='lat' dir='ltr'>se</span> <span class='ocrx_word' id='word_1_36' title='bbox 1080 1062 1158 1129; x_wconf 84' lang='lat' dir='ltr'>red-</span> 
     </span>
     <span class='ocr_line' id='line_1_7' title="bbox 211 1159 1159 1243; baseline 0.004 -19"><span class='ocrx_word' id='word_1_37' title='bbox 211 1159 387 1224; x_wconf 87' lang='lat' dir='ltr'>imendum</span> <span class='ocrx_word' id='word_1_38' title='bbox 410 1162 736 1243; x_wconf 77' lang='lat' dir='ltr'>constringebantur</span> <span class='ocrx_word' id='word_1_39' title='bbox 759 1163 877 1226; x_wconf 87' lang='lat' dir='ltr'>dulces</span> <span class='ocrx_word' id='word_1_40' title='bbox 898 1162 1061 1228; x_wconf 83' lang='lat' dir='ltr'>efflabant</span> <span class='ocrx_word' id='word_1_41' title='bbox 1083 1161 1159 1228; x_wconf 86' lang='lat' dir='ltr'>aui·</span> 
     </span>
     <span class='ocr_line' id='line_1_8' title="bbox 210 1260 1160 1345; baseline 0 -21"><span class='ocrx_word' id='word_1_42' title='bbox 210 1278 298 1336; x_wconf 78' lang='lat' dir='ltr'>mae,</span> <span class='ocrx_word' id='word_1_43' title='bbox 316 1260 408 1341; x_wconf 89' lang='lat' dir='ltr'>quod</span> <span class='ocrx_word' id='word_1_44' title='bbox 425 1260 537 1324; x_wconf 91' lang='lat' dir='ltr'>solum</span> <span class='ocrx_word' id='word_1_45' title='bbox 547 1269 721 1345; x_wconf 88' lang='lat' dir='ltr'>poterant,</span> <span class='ocrx_word' id='word_1_46' title='bbox 736 1261 812 1326; x_wconf 88' lang='lat' dir='ltr'>Deo</span> <span class='ocrx_word' id='word_1_47' title='bbox 827 1263 982 1326; x_wconf 81' lang='lat' dir='ltr'>miserias</span> <span class='ocrx_word' id='word_1_48' title='bbox 1000 1280 1082 1326; x_wconf 87' lang='lat' dir='ltr'>suas</span> <span class='ocrx_word' id='word_1_49' title='bbox 1098 1281 1160 1344; x_wconf 87' lang='lat' dir='ltr'>ap-</span> 
     </span>
     <span class='ocr_line' id='line_1_9' title="bbox 211 1358 1160 1442; baseline 0.006 -22"><span class='ocrx_word' id='word_1_50' title='bbox 211 1358 402 1439; x_wconf 76' lang='lat' dir='ltr'>plorantes.</span> <span class='ocrx_word' id='word_1_51' title='bbox 453 1358 500 1424; x_wconf 89' lang='lat' dir='ltr'>Et</span> <span class='ocrx_word' id='word_1_52' title='bbox 513 1361 663 1442; x_wconf 88' lang='lat' dir='ltr'>quidem,</span> <span class='ocrx_word' id='word_1_53' title='bbox 684 1381 728 1424; x_wconf 86' lang='lat' dir='ltr'>ex</span> <span class='ocrx_word' id='word_1_54' title='bbox 740 1361 921 1426; x_wconf 84' lang='lat' dir='ltr'>voluntate</span> <span class='ocrx_word' id='word_1_55' title='bbox 939 1362 1089 1437; x_wconf 88' lang='lat' dir='ltr'>comitis,</span> <span class='ocrx_word' id='word_1_56' title='bbox 1111 1362 1160 1426; x_wconf 89' lang='lat' dir='ltr'>le-</span> 
     </span>
     <span class='ocr_line' id='line_1_10' title="bbox 211 1459 1159 1542; baseline 0.002 -18"><span class='ocrx_word' id='word_1_57' title='bbox 211 1464 315 1538; x_wconf 79' lang='lat' dir='ltr'>gatus</span> <span class='ocrx_word' id='word_1_58' title='bbox 342 1478 420 1524; x_wconf 90' lang='lat' dir='ltr'>cum</span> <span class='ocrx_word' id='word_1_59' title='bbox 443 1459 616 1542; x_wconf 88' lang='lat' dir='ltr'>episcopis</span> <span class='ocrx_word' id='word_1_60' title='bbox 639 1479 758 1524; x_wconf 85' lang='lat' dir='ltr'>omnes</span> <span class='ocrx_word' id='word_1_61' title='bbox 784 1461 981 1526; x_wconf 89' lang='lat' dir='ltr'>effractores</span> <span class='ocrx_word' id='word_1_62' title='bbox 1004 1461 1159 1526; x_wconf 87' lang='lat' dir='ltr'>coemite·</span> 
     </span>
     <span class='ocr_line' id='line_1_11' title="bbox 211 1557 1160 1641; baseline 0.005 -21"><span class='ocrx_word' id='word_1_63' title='bbox 211 1557 340 1621; x_wconf 89' lang='lat' dir='ltr'>riorum</span> <span class='ocrx_word' id='word_1_64' title='bbox 358 1564 393 1621; x_wconf 89' lang='lat' dir='ltr'>ct</span> <span class='ocrx_word' id='word_1_65' title='bbox 407 1558 593 1623; x_wconf 82' lang='lat' dir='ltr'>violatores</span> <span class='ocrx_word' id='word_1_66' title='bbox 616 1559 850 1636; x_wconf 88' lang='lat' dir='ltr'>ecclesiarum,</span> <span class='ocrx_word' id='word_1_67' title='bbox 865 1567 900 1624; x_wconf 89' lang='lat' dir='ltr'>et</span> <span class='ocrx_word' id='word_1_68' title='bbox 915 1560 975 1641; x_wconf 90' lang='lat' dir='ltr'>qui</span> <span class='ocrx_word' id='word_1_69' title='bbox 997 1561 1088 1624; x_wconf 88' lang='lat' dir='ltr'>sacri</span> <span class='ocrx_word' id='word_1_70' title='bbox 1103 1560 1160 1626; x_wconf 85' lang='lat' dir='ltr'>vel</span> 
     </span>
     <span class='ocr_line' id='line_1_12' title="bbox 211 1656 1162 1737; baseline 0.007 -20"><span class='ocrx_word' id='word_1_71' title='bbox 211 1656 364 1737; x_wconf 82' lang='lat' dir='ltr'>religiosi</span> <span class='ocrx_word' id='word_1_72' title='bbox 395 1657 524 1722; x_wconf 88' lang='lat' dir='ltr'>ordinis</span> <span class='ocrx_word' id='word_1_73' title='bbox 558 1658 754 1723; x_wconf 90' lang='lat' dir='ltr'>bominibus</span> <span class='ocrx_word' id='word_1_74' title='bbox 785 1660 841 1724; x_wconf 92' lang='lat' dir='ltr'>vel</span> <span class='ocrx_word' id='word_1_75' title='bbox 873 1679 992 1724; x_wconf 89' lang='lat' dir='ltr'>eorum</span> <span class='ocrx_word' id='word_1_76' title='bbox 1020 1659 1162 1726; x_wconf 77' lang='lat' dir='ltr'>famulis</span> 
     </span>
     <span class='ocr_line' id='line_1_13' title="bbox 123 1756 1158 1840; baseline 0 -19"><span class='ocrx_word' id='word_1_77' title='bbox 123 1772 125 1776; x_wconf 88' lang='grc'><strong><em>·</em></strong></span> <span class='ocrx_word' id='word_1_78' title='bbox 211 1775 333 1821; x_wconf 88' lang='lat' dir='ltr'>manus</span> <span class='ocrx_word' id='word_1_79' title='bbox 358 1756 571 1840; x_wconf 86' lang='lat' dir='ltr'>injecissent,</span> <span class='ocrx_word' id='word_1_80' title='bbox 593 1758 793 1823; x_wconf 89' lang='lat' dir='ltr'>multotiens</span> <span class='ocrx_word' id='word_1_81' title='bbox 823 1758 1158 1838; x_wconf 86' lang='lat' dir='ltr'>excommunicavit;</span> 
     </span>
     <span class='ocr_line' id='line_1_14' title="bbox 211 1855 1157 1940; baseline 0.003 -20"><span class='ocrx_word' id='word_1_82' title='bbox 211 1855 271 1920; x_wconf 88' lang='lat' dir='ltr'>sed</span> <span class='ocrx_word' id='word_1_83' title='bbox 305 1855 390 1921; x_wconf 89' lang='lat' dir='ltr'>nihil</span> <span class='ocrx_word' id='word_1_84' title='bbox 421 1857 670 1939; x_wconf 88' lang='lat' dir='ltr'>propemodum</span> <span class='ocrx_word' id='word_1_85' title='bbox 700 1858 764 1923; x_wconf 89' lang='lat' dir='ltr'>bac</span> <span class='ocrx_word' id='word_1_86' title='bbox 797 1859 945 1940; x_wconf 82' lang='lat' dir='ltr'>profecit</span> <span class='ocrx_word' id='word_1_87' title='bbox 974 1857 1157 1924; x_wconf 86' lang='lat' dir='ltr'>industria.</span> 
     </span>
     <span class='ocr_line' id='line_1_15' title="bbox 213 1953 1160 2040; baseline 0.001 -19"><span class='ocrx_word' id='word_1_88' title='bbox 213 1953 300 2021; x_wconf 87' lang='lat' dir='ltr'>Erat</span> <span class='ocrx_word' id='word_1_89' title='bbox 321 1975 403 2036; x_wconf 87' lang='lat' dir='ltr'>ergo</span> <span class='ocrx_word' id='word_1_90' title='bbox 419 1956 536 2021; x_wconf 87' lang='lat' dir='ltr'>videre</span> <span class='ocrx_word' id='word_1_91' title='bbox 559 1958 804 2034; x_wconf 82' lang='lat' dir='ltr'>calamitatem,</span> <span class='ocrx_word' id='word_1_92' title='bbox 821 1953 998 2039; x_wconf 81' lang='lat' dir='ltr'>Angliam,</span> <span class='ocrx_word' id='word_1_93' title='bbox 1013 1957 1160 2040; x_wconf 56' lang='lat' dir='ltr'>praeclan</span> 
     </span>
     <span class='ocr_line' id='line_1_16' title="bbox 210 2054 1160 2140; baseline 0.002 -22"><span class='ocrx_word' id='word_1_94' title='bbox 210 2054 381 2120; x_wconf 90' lang='lat' dir='ltr'>rissimam</span> <span class='ocrx_word' id='word_1_95' title='bbox 395 2055 569 2138; x_wconf 86' lang='lat' dir='ltr'>quondam</span> <span class='ocrx_word' id='word_1_96' title='bbox 583 2059 679 2140; x_wconf 87' lang='lat' dir='ltr'>pacis</span> <span class='ocrx_word' id='word_1_97' title='bbox 697 2058 916 2134; x_wconf 89' lang='lat' dir='ltr'>nutriculam,</span> <span class='ocrx_word' id='word_1_98' title='bbox 933 2057 1083 2138; x_wconf 87' lang='lat' dir='ltr'>speciale</span> <span class='ocrx_word' id='word_1_99' title='bbox 1098 2057 1160 2122; x_wconf 91' lang='lat' dir='ltr'>do·</span> 
     </span>
     <span class='ocr_line' id='line_1_17' title="bbox 210 2155 1161 2237; baseline 0.005 -20"><span class='ocrx_word' id='word_1_100' title='bbox 210 2155 375 2219; x_wconf 91' lang='lat' dir='ltr'>micilium</span> <span class='ocrx_word' id='word_1_101' title='bbox 392 2155 532 2237; x_wconf 88' lang='lat' dir='ltr'>quietis,</span> <span class='ocrx_word' id='word_1_102' title='bbox 549 2156 593 2220; x_wconf 90' lang='lat' dir='ltr'>ad</span> <span class='ocrx_word' id='word_1_103' title='bbox 613 2157 678 2220; x_wconf 92' lang='lat' dir='ltr'>boc</span> <span class='ocrx_word' id='word_1_104' title='bbox 693 2158 841 2221; x_wconf 74' lang='lat' dir='ltr'>miseria</span> <span class='ocrx_word' id='word_1_105' title='bbox 857 2156 1055 2224; x_wconf 85' lang='lat' dir='ltr'>devolutam</span> <span class='ocrx_word' id='word_1_106' title='bbox 1072 2175 1161 2234; x_wconf 85' lang='lat' dir='ltr'>esse,</span> 
     </span>
     <span class='ocr_line' id='line_1_18' title="bbox 212 2255 1160 2339; baseline 0.004 -23"><span class='ocrx_word' id='word_1_107' title='bbox 212 2261 251 2318; x_wconf 90' lang='lat' dir='ltr'>ut</span> <span class='ocrx_word' id='word_1_108' title='bbox 275 2274 339 2318; x_wconf 89' lang='lat' dir='ltr'>nec</span> <span class='ocrx_word' id='word_1_109' title='bbox 364 2257 469 2320; x_wconf 85' lang='lat' dir='ltr'>ctiam</span> <span class='ocrx_word' id='word_1_110' title='bbox 494 2257 648 2339; x_wconf 89' lang='lat' dir='ltr'>episcopi</span> <span class='ocrx_word' id='word_1_111' title='bbox 672 2275 736 2322; x_wconf 87' lang='lat' dir='ltr'>nec</span> <span class='ocrx_word' id='word_1_112' title='bbox 760 2257 920 2322; x_wconf 90' lang='lat' dir='ltr'>monachi</span> <span class='ocrx_word' id='word_1_113' title='bbox 944 2255 987 2320; x_wconf 86' lang='lat' dir='ltr'>de</span> <span class='ocrx_word' id='word_1_114' title='bbox 1013 2255 1098 2320; x_wconf 90' lang='lat' dir='ltr'>villa</span> <span class='ocrx_word' id='word_1_115' title='bbox 1122 2257 1160 2322; x_wconf 92' lang='lat' dir='ltr'>in</span> 
     </span>
     <span class='ocr_line' id='line_1_19' title="bbox 210 2354 1162 2438; baseline 0 -18"><span class='ocrx_word' id='word_1_116' title='bbox 210 2354 328 2420; x_wconf 90' lang='lat' dir='ltr'>villam</span> <span class='ocrx_word' id='word_1_117' title='bbox 345 2361 422 2422; x_wconf 90' lang='lat' dir='ltr'>tuto</span> <span class='ocrx_word' id='word_1_118' title='bbox 436 2363 579 2438; x_wconf 91' lang='lat' dir='ltr'>possent</span> <span class='ocrx_word' id='word_1_119' title='bbox 594 2357 767 2438; x_wconf 84' lang='lat' dir='ltr'>progredi.</span> <span class='ocrx_word' id='word_1_120' title='bbox 819 2357 890 2420; x_wconf 89' lang='lat' dir='ltr'>Sub</span> <span class='ocrx_word' id='word_1_121' title='bbox 908 2355 1062 2420; x_wconf 89' lang='lat' dir='ltr'>Henrico</span> <span class='ocrx_word' id='word_1_122' title='bbox 1078 2375 1162 2436; x_wconf 83' lang='lat' dir='ltr'>rega</span> 
     </span>
     <span class='ocr_line' id='line_1_20' title="bbox 212 2449 1160 2538; baseline -0.002 -18"><span class='ocrx_word' id='word_1_123' title='bbox 212 2455 313 2521; x_wconf 90' lang='lat' dir='ltr'>multi</span> <span class='ocrx_word' id='word_1_124' title='bbox 326 2454 542 2537; x_wconf 81' lang='lat' dir='ltr'>alienigenae,</span> <span class='ocrx_word' id='word_1_125' title='bbox 563 2455 623 2538; x_wconf 91' lang='lat' dir='ltr'>qui</span> <span class='ocrx_word' id='word_1_126' title='bbox 644 2457 790 2537; x_wconf 85' lang='lat' dir='ltr'>genialis</span> <span class='ocrx_word' id='word_1_127' title='bbox 812 2456 906 2520; x_wconf 90' lang='lat' dir='ltr'>humi</span> <span class='ocrx_word' id='word_1_128' title='bbox 921 2449 1160 2536; x_wconf 81' lang='lat' dir='ltr'>³inquietatio·</span> 
     </span>
     <span class='ocr_line' id='line_1_21' title="bbox 211 2555 1162 2638; baseline 0.003 -23"><span class='ocrx_word' id='word_1_129' title='bbox 211 2555 313 2618; x_wconf 89' lang='lat' dir='ltr'>nibus</span> <span class='ocrx_word' id='word_1_130' title='bbox 338 2555 621 2636; x_wconf 81' lang='lat' dir='ltr'>exagitabantur,</span> <span class='ocrx_word' id='word_1_131' title='bbox 643 2555 809 2638; x_wconf 86' lang='lat' dir='ltr'>Angliam</span> <span class='ocrx_word' id='word_1_132' title='bbox 832 2555 1102 2636; x_wconf 86' lang='lat' dir='ltr'>adnavigabant,</span> <span class='ocrx_word' id='word_1_133' title='bbox 1125 2561 1162 2618; x_wconf 88' lang='lat' dir='ltr'>et</span> 
     </span>
     <span class='ocr_line' id='line_1_22' title="bbox 212 2653 1161 2738; baseline 0.005 -23"><span class='ocrx_word' id='word_1_134' title='bbox 212 2655 276 2718; x_wconf 87' lang='lat' dir='ltr'>sub</span> <span class='ocrx_word' id='word_1_135' title='bbox 299 2653 374 2736; x_wconf 88' lang='lat' dir='ltr'>ejus</span> <span class='ocrx_word' id='word_1_136' title='bbox 397 2655 462 2718; x_wconf 90' lang='lat' dir='ltr'>alis</span> <span class='ocrx_word' id='word_1_137' title='bbox 484 2655 639 2736; x_wconf 90' lang='lat' dir='ltr'>quietum</span> <span class='ocrx_word' id='word_1_138' title='bbox 662 2657 771 2720; x_wconf 90' lang='lat' dir='ltr'>otium</span> <span class='ocrx_word' id='word_1_139' title='bbox 795 2655 965 2738; x_wconf 86' lang='lat' dir='ltr'>agebant:</span> <span class='ocrx_word' id='word_1_140' title='bbox 990 2655 1054 2718; x_wconf 89' lang='lat' dir='ltr'>sub</span> <span class='ocrx_word' id='word_1_141' title='bbox 1082 2653 1161 2720; x_wconf 85' lang='lat' dir='ltr'>Ste-</span> 
     </span>
     <span class='ocr_line' id='line_1_23' title="bbox 211 2753 1159 2836; baseline 0.002 -19"><span class='ocrx_word' id='word_1_142' title='bbox 211 2753 327 2834; x_wconf 90' lang='lat' dir='ltr'>phano</span> <span class='ocrx_word' id='word_1_143' title='bbox 341 2754 458 2836; x_wconf 89' lang='lat' dir='ltr'>plures</span> <span class='ocrx_word' id='word_1_144' title='bbox 473 2775 518 2819; x_wconf 85' lang='lat' dir='ltr'>ex</span> <span class='ocrx_word' id='word_1_145' title='bbox 537 2755 703 2820; x_wconf 89' lang='lat' dir='ltr'>Flandria</span> <span class='ocrx_word' id='word_1_146' title='bbox 717 2763 753 2820; x_wconf 90' lang='lat' dir='ltr'>et</span> <span class='ocrx_word' id='word_1_147' title='bbox 770 2755 981 2832; x_wconf 88' lang='lat' dir='ltr'>Brittannia,</span> <span class='ocrx_word' id='word_1_148' title='bbox 998 2761 1098 2836; x_wconf 89' lang='lat' dir='ltr'>rapto</span> <span class='ocrx_word' id='word_1_149' title='bbox 1109 2753 1159 2818; x_wconf 88' lang='lat' dir='ltr'>vi·</span> 
     </span>
     <span class='ocr_line' id='line_1_24' title="bbox 212 2851 1161 2938; baseline 0.002 -22"><span class='ocrx_word' id='word_1_150' title='bbox 212 2872 293 2916; x_wconf 90' lang='lat' dir='ltr'>vere</span> <span class='ocrx_word' id='word_1_151' title='bbox 312 2855 455 2932; x_wconf 86' lang='lat' dir='ltr'>assueti,</span> <span class='ocrx_word' id='word_1_152' title='bbox 472 2874 533 2937; x_wconf 89' lang='lat' dir='ltr'>spe</span> <span class='ocrx_word' id='word_1_153' title='bbox 553 2875 755 2937; x_wconf 84' lang='lat' dir='ltr'>magnarum</span> <span class='ocrx_word' id='word_1_154' title='bbox 782 2855 978 2938; x_wconf 88' lang='lat' dir='ltr'>praedarum</span> <span class='ocrx_word' id='word_1_155' title='bbox 994 2851 1161 2933; x_wconf 85' lang='lat' dir='ltr'>Angliam</span> 
     </span>
     <span class='ocr_line' id='line_1_25' title="bbox 210 2949 1161 3018; baseline -0.003 0"><span class='ocrx_word' id='word_1_156' title='bbox 210 2952 423 3018; x_wconf 86' lang='lat' dir='ltr'>involabant.</span> <span class='ocrx_word' id='word_1_157' title='bbox 483 2953 609 3018; x_wconf 85' lang='lat' dir='ltr'>Comes</span> <span class='ocrx_word' id='word_1_158' title='bbox 636 2949 867 3018; x_wconf 75' lang='lat' dir='ltr'>*Gloecestrae</span> <span class='ocrx_word' id='word_1_159' title='bbox 900 2953 1077 3018; x_wconf 87' lang='lat' dir='ltr'>Robcrtus</span> <span class='ocrx_word' id='word_1_160' title='bbox 1107 2953 1161 3016; x_wconf 87' lang='lat' dir='ltr'>in-</span> 
     </span>
     <span class='ocr_line' id='line_1_26' title="bbox 212 3053 1162 3133; baseline -0.004 -15"><span class='ocrx_word' id='word_1_161' title='bbox 212 3059 307 3118; x_wconf 86' lang='lat' dir='ltr'>terea</span> <span class='ocrx_word' id='word_1_162' title='bbox 330 3053 485 3118; x_wconf 89' lang='lat' dir='ltr'>modeste</span> <span class='ocrx_word' id='word_1_163' title='bbox 501 3071 539 3116; x_wconf 86' lang='lat' dir='ltr'>se</span> <span class='ocrx_word' id='word_1_164' title='bbox 553 3073 669 3133; x_wconf 87' lang='lat' dir='ltr'>agere,</span> <span class='ocrx_word' id='word_1_165' title='bbox 686 3054 772 3116; x_wconf 89' lang='lat' dir='ltr'>nihil</span> <span class='ocrx_word' id='word_1_166' title='bbox 789 3053 900 3132; x_wconf 89' lang='lat' dir='ltr'>magis</span> <span class='ocrx_word' id='word_1_167' title='bbox 918 3070 1041 3117; x_wconf 90' lang='lat' dir='ltr'>cavere</span> <span class='ocrx_word' id='word_1_168' title='bbox 1056 3069 1162 3131; x_wconf 91' lang='lat' dir='ltr'>quam</span> 
     </span>
     <span class='ocr_line' id='line_1_27' title="bbox 212 3149 1162 3232; baseline 0.001 -21"><span class='ocrx_word' id='word_1_169' title='bbox 212 3170 255 3212; x_wconf 91' lang='lat' dir='ltr'>ne</span> <span class='ocrx_word' id='word_1_170' title='bbox 273 3152 330 3214; x_wconf 88' lang='lat' dir='ltr'>vel</span> <span class='ocrx_word' id='word_1_171' title='bbox 345 3169 455 3232; x_wconf 88' lang='lat' dir='ltr'>parvo</span> <span class='ocrx_word' id='word_1_172' title='bbox 470 3150 676 3216; x_wconf 90' lang='lat' dir='ltr'>detrimento</span> <span class='ocrx_word' id='word_1_173' title='bbox 690 3171 831 3214; x_wconf 89' lang='lat' dir='ltr'>suorum</span> <span class='ocrx_word' id='word_1_174' title='bbox 848 3151 1013 3216; x_wconf 87' lang='lat' dir='ltr'>vinceret.</span> <span class='ocrx_word' id='word_1_175' title='bbox 1058 3149 1162 3228; x_wconf 83' lang='lat' dir='ltr'>Mag-</span> 
     </span>
     <span class='ocr_line' id='line_1_28' title="bbox 213 3247 1161 3332; baseline 0 -21"><span class='ocrx_word' id='word_1_176' title='bbox 213 3256 312 3312; x_wconf 88' lang='lat' dir='ltr'>nates</span> <span class='ocrx_word' id='word_1_177' title='bbox 328 3248 536 3330; x_wconf 86' lang='lat' dir='ltr'>Anglorum,</span> <span class='ocrx_word' id='word_1_178' title='bbox 552 3268 639 3331; x_wconf 91' lang='lat' dir='ltr'>quos</span> <span class='ocrx_word' id='word_1_179' title='bbox 658 3249 702 3312; x_wconf 90' lang='lat' dir='ltr'>ad</span> <span class='ocrx_word' id='word_1_180' title='bbox 718 3250 920 3331; x_wconf 90' lang='lat' dir='ltr'>religionem</span> <span class='ocrx_word' id='word_1_181' title='bbox 931 3247 1161 3332; x_wconf 88' lang='lat' dir='ltr'>jurisjurandi</span> 
     </span>
     <span class='ocr_line' id='line_1_29' title="bbox 213 3346 1162 3430; baseline -0.003 -18"><span class='ocrx_word' id='word_1_182' title='bbox 213 3349 418 3412; x_wconf 87' lang='lat' dir='ltr'>servandam</span> <span class='ocrx_word' id='word_1_183' title='bbox 442 3348 580 3412; x_wconf 88' lang='lat' dir='ltr'>flectere</span> <span class='ocrx_word' id='word_1_184' title='bbox 604 3368 674 3411; x_wconf 93' lang='lat' dir='ltr'>non</span> <span class='ocrx_word' id='word_1_185' title='bbox 699 3357 829 3430; x_wconf 89' lang='lat' dir='ltr'>posset,</span> <span class='ocrx_word' id='word_1_186' title='bbox 848 3348 937 3412; x_wconf 72' lang='lat' dir='ltr'>satis,</span> <span class='ocrx_word' id='word_1_187' title='bbox 953 3348 1104 3411; x_wconf 87' lang='lat' dir='ltr'>habebat</span> <span class='ocrx_word' id='word_1_188' title='bbox 1125 3346 1162 3409; x_wconf 92' lang='lat' dir='ltr'>in</span> 
     </span>
     <span class='ocr_line' id='line_1_30' title="bbox 215 3446 1163 3530; baseline -0.005 -18"><span class='ocrx_word' id='word_1_189' title='bbox 215 3447 325 3512; x_wconf 88' lang='lat' dir='ltr'>officio</span> <span class='ocrx_word' id='word_1_190' title='bbox 353 3447 541 3524; x_wconf 87' lang='lat' dir='ltr'>continere,</span> <span class='ocrx_word' id='word_1_191' title='bbox 569 3455 608 3511; x_wconf 91' lang='lat' dir='ltr'>ut</span> <span class='ocrx_word' id='word_1_192' title='bbox 631 3449 690 3529; x_wconf 92' lang='lat' dir='ltr'>qui</span> <span class='ocrx_word' id='word_1_193' title='bbox 721 3449 806 3511; x_wconf 92' lang='lat' dir='ltr'>nihil</span> <span class='ocrx_word' id='word_1_194' title='bbox 840 3447 1006 3530; x_wconf 86' lang='lat' dir='ltr'>adjuvare</span> <span class='ocrx_word' id='word_1_195' title='bbox 1031 3446 1163 3510; x_wconf 89' lang='lat' dir='ltr'>vellent</span> 
     </span>
     <span class='ocr_line' id='line_1_31' title="bbox 214 3545 1163 3628; baseline -0.004 -15"><span class='ocrx_word' id='word_1_196' title='bbox 214 3549 326 3614; x_wconf 87' lang='lat' dir='ltr'>minus</span> <span class='ocrx_word' id='word_1_197' title='bbox 337 3555 515 3626; x_wconf 83' lang='lat' dir='ltr'>nocerent3</span> <span class='ocrx_word' id='word_1_198' title='bbox 529 3547 716 3611; x_wconf 89' lang='lat' dir='ltr'>secundum</span> <span class='ocrx_word' id='word_1_199' title='bbox 727 3549 908 3623; x_wconf 87' lang='lat' dir='ltr'>comicum,</span> <span class='ocrx_word' id='word_1_200' title='bbox 919 3552 928 3580; x_wconf 90' lang='lat'>‘</span> <span class='ocrx_word' id='word_1_201' title='bbox 940 3547 1060 3612; x_wconf 88' lang='lat' dir='ltr'>volens</span> <span class='ocrx_word' id='word_1_202' title='bbox 1070 3545 1163 3628; x_wconf 90' lang='lat' dir='ltr'>quod</span> 
     </span>
     <span class='ocr_line' id='line_1_32' title="bbox 214 3646 1163 3730; baseline 0 -20"><span class='ocrx_word' id='word_1_203' title='bbox 214 3655 344 3730; x_wconf 87' lang='lat' dir='ltr'>posset,</span> <span class='ocrx_word' id='word_1_204' title='bbox 370 3647 451 3712; x_wconf 90' lang='lat' dir='ltr'>dum</span> <span class='ocrx_word' id='word_1_205' title='bbox 477 3667 547 3711; x_wconf 89' lang='lat' dir='ltr'>non</span> <span class='ocrx_word' id='word_1_206' title='bbox 569 3654 688 3729; x_wconf 87' lang='lat' dir='ltr'>posset</span> <span class='ocrx_word' id='word_1_207' title='bbox 709 3647 802 3729; x_wconf 91' lang='lat' dir='ltr'>quod</span> <span class='ocrx_word' id='word_1_208' title='bbox 817 3646 946 3712; x_wconf 84' lang='lat' dir='ltr'>vellet&#39;</span> <span class='ocrx_word' id='word_1_209' title='bbox 997 3646 1163 3710; x_wconf 88' lang='lat' dir='ltr'>Ubicum-</span> 
     </span>
     <span class='ocr_line' id='line_1_33' title="bbox 213 3745 1167 3829; baseline -0.001 -19"><span class='ocrx_word' id='word_1_210' title='bbox 213 3767 280 3829; x_wconf 88' lang='lat' dir='ltr'>que</span> <span class='ocrx_word' id='word_1_211' title='bbox 295 3754 412 3814; x_wconf 89' lang='lat' dir='ltr'>tamen</span> <span class='ocrx_word' id='word_1_212' title='bbox 426 3747 603 3811; x_wconf 87' lang='lat' dir='ltr'>commode</span> <span class='ocrx_word' id='word_1_213' title='bbox 620 3746 694 3810; x_wconf 88' lang='lat' dir='ltr'>fieri</span> <span class='ocrx_word' id='word_1_214' title='bbox 709 3766 812 3829; x_wconf 87' lang='lat' dir='ltr'>posse</span> <span class='ocrx_word' id='word_1_215' title='bbox 829 3746 981 3824; x_wconf 85' lang='lat' dir='ltr'>videbat,</span> <span class='ocrx_word' id='word_1_216' title='bbox 993 3753 1028 3809; x_wconf 89' lang='lat' dir='ltr'>et</span> <span class='ocrx_word' id='word_1_217' title='bbox 1045 3745 1167 3809; x_wconf 88' lang='lat' dir='ltr'>militis</span> 
     </span>
    </p>
   </div>
   <div class='ocr_carea' id='block_1_3' title="bbox 213 3996 1167 4336">
    <p class='ocr_par' dir='ltr' id='par_1_3' title="bbox 213 3996 1167 4336">
     <span class='ocr_line' id='line_1_34' title="bbox 228 3996 1165 4072; baseline -0.004 -18"><span class='ocrx_word' id='word_1_218' title='bbox 228 4015 230 4018; x_wconf 85' lang='grc'><strong><em>·</em></strong></span> <span class='ocrx_word' id='word_1_219' title='bbox 253 3998 469 4072; x_wconf 80' lang='lat' dir='ltr'>¹Stromea.]E.;</span> <span class='ocrx_word' id='word_1_220' title='bbox 482 4005 675 4068; x_wconf 79' lang='lat' dir='ltr'>stratnm,S.D.</span> <span class='ocrx_word' id='word_1_221' title='bbox 736 3996 1006 4070; x_wconf 78' lang='lat' dir='ltr'>³laqaietaticnibus.]</span> <span class='ocrx_word' id='word_1_222' title='bbox 1034 4001 1068 4052; x_wconf 83' lang='grc' dir='ltr'>Ε.</span> <span class='ocrx_word' id='word_1_223' title='bbox 1091 4003 1165 4063; x_wconf 63' lang='lat'>1123</span> 
     </span>
     <span class='ocr_line' id='line_1_35' title="bbox 214 4073 912 4136; baseline -0.003 -11"><span class='ocrx_word' id='word_1_224' title='bbox 214 4075 269 4126; x_wconf 76' lang='lat' dir='ltr'>La.</span> <span class='ocrx_word' id='word_1_225' title='bbox 700 4076 825 4136; x_wconf 87' lang='lat' dir='ltr'>turbellis,</span> <span class='ocrx_word' id='word_1_226' title='bbox 836 4074 866 4123; x_wconf 81' lang='lat' dir='ltr'>S.</span> <span class='ocrx_word' id='word_1_227' title='bbox 877 4073 912 4123; x_wconf 80' lang='lat' dir='ltr'>b.</span> 
     </span>
     <span class='ocr_line' id='line_1_36' title="bbox 247 4139 678 4209; baseline -0.002 -16"><span class='ocrx_word' id='word_1_228' title='bbox 247 4141 259 4174; x_wconf 79' lang='lat'>²</span> <span class='ocrx_word' id='word_1_229' title='bbox 272 4145 418 4207; x_wconf 82' lang='lat' dir='ltr'>Quocunque</span> <span class='ocrx_word' id='word_1_230' title='bbox 432 4139 525 4209; x_wconf 73' lang='lat' dir='ltr'>moda]</span> <span class='ocrx_word' id='word_1_231' title='bbox 544 4145 591 4205; x_wconf 83' lang='lat' dir='ltr'>E.;</span> <span class='ocrx_word' id='word_1_232' title='bbox 607 4159 678 4205; x_wconf 78' lang='lat' dir='ltr'>quse·</span> 
     </span>
     <span class='ocr_line' id='line_1_37' title="bbox 213 4211 1167 4278; baseline -0.004 -15"><span class='ocrx_word' id='word_1_233' title='bbox 213 4230 313 4276; x_wconf 86' lang='lat' dir='ltr'>cunque</span> <span class='ocrx_word' id='word_1_234' title='bbox 333 4229 484 4276; x_wconf 83' lang='lat' dir='ltr'>quocunque</span> <span class='ocrx_word' id='word_1_235' title='bbox 500 4213 584 4278; x_wconf 86' lang='lat' dir='ltr'>modo,</span> <span class='ocrx_word' id='word_1_236' title='bbox 602 4214 631 4264; x_wconf 80' lang='lat' dir='ltr'>S.</span> <span class='ocrx_word' id='word_1_237' title='bbox 644 4215 679 4264; x_wconf 88' lang='lat' dir='ltr'>D.</span> <span class='ocrx_word' id='word_1_238' title='bbox 738 4213 748 4242; x_wconf 88' lang='lat'>⁴</span> <span class='ocrx_word' id='word_1_239' title='bbox 773 4213 918 4260; x_wconf 80' lang='lat' dir='ltr'>Gloecertroe</span> <span class='ocrx_word' id='word_1_240' title='bbox 941 4211 1083 4276; x_wconf 59' lang='lat' dir='ltr'>liebertus]</span> <span class='ocrx_word' id='word_1_241' title='bbox 1111 4211 1167 4272; x_wconf 84' lang='lat' dir='ltr'>E.;</span> 
     </span>
     <span class='ocr_line' id='line_1_38' title="bbox 214 4281 1001 4336; baseline -0.003 -2"><span class='ocrx_word' id='word_1_242' title='bbox 214 4286 269 4336; x_wconf 80' lang='lat' dir='ltr'>La.</span> <span class='ocrx_word' id='word_1_243' title='bbox 703 4283 807 4332; x_wconf 75' lang='lat' dir='ltr'>omitted</span> <span class='ocrx_word' id='word_1_244' title='bbox 818 4283 844 4331; x_wconf 89' lang='lat' dir='ltr'>in</span> <span class='ocrx_word' id='word_1_245' title='bbox 857 4281 885 4332; x_wconf 76' lang='lat' dir='ltr'>S.</span> <span class='ocrx_word' id='word_1_246' title='bbox 899 4283 934 4332; x_wconf 87' lang='lat' dir='ltr'>D.</span> <span class='ocrx_word' id='word_1_247' title='bbox 946 4283 1001 4332; x_wconf 80' lang='lat' dir='ltr'>La.</span> 
     </span>
    </p>
   </div>
   <div class='ocr_carea' id='block_1_4' title="bbox 0 0 1553 4960">
    <p class='ocr_par' dir='ltr' id='par_1_4' title="bbox 0 0 1553 4960">
     <span class='ocr_line' id='line_1_39' title="bbox 0 0 1553 4960; baseline 0 0"><span class='ocrx_word' id='word_1_248' title='bbox 0 0 1553 4960; x_wconf 95' lang='lat' dir='ltr'> </span> 
     </span>
    </p>
   </div>
  </div>
 </body>
</html>
