3152 4970
391 511 458 578 636
607 523 721 574 cnsrn
744 522 871 570 ancum
895 520 1111 570 suenorum
1202 507 1289 588 [mn.
1308 522 1343 567 v.

240 705 243 713 '
320 717 323 724 ¹
393 706 455 771 spe
471 687 598 751 sensim
614 683 821 768 pullulante,
831 684 868 746 in
884 682 1031 765 gloriam
1047 682 1261 764 procederet,
1276 682 1342 745 hu·

392 788 453 872 jus
482 792 587 850 aetate
615 803 749 849 summo
782 788 951 865 provectu
981 779 1149 860 effloruit3
1174 774 1344 846 ¹habeba·

396 893 521 968 turque
546 885 623 969 ejus
649 883 831 947 consilium
853 880 954 963 quasi
974 880 1053 963 quis
1079 880 1233 944 divinum
1259 901 1342 946 con·

396 984 562 1048 suluisset
578 983 778 1047 sacrarium.
831 979 982 1062 Jamque
1007 998 1078 1044 non
1097 979 1268 1043 immerito
1286 999 1342 1044 as-

396 1089 538 1148 secutus
554 1083 804 1157 aestimabatur,
820 1078 913 1162 quod
930 1085 1022 1142 esset
1036 1078 1103 1142 aevi
1120 1084 1277 1143 maturus
1297 1080 1342 1142 ad

397 1180 657 1258 consulendum,
685 1197 809 1245 suasor
838 1176 1044 1254 concordia,
1069 1176 1247 1242 dissuasor
1273 1179 1343 1242 dis-

398 1272 537 1356 cordiae,
561 1287 597 1344 et
617 1298 760 1363 prorsus
779 1279 820 1342 ad
844 1276 936 1360 quod
958 1274 1163 1355 intenderet,
1180 1297 1244 1360 pro
1260 1277 1343 1341 viri·

398 1381 463 1444 bus
484 1379 703 1461 eloquentia,
723 1377 911 1443 citissimus
936 1394 1132 1460 persuasor.
1185 1375 1343 1458 Ingentis

398 1478 436 1542 in
453 1477 584 1560 Anglia
609 1477 784 1555 momenti,
800 1482 841 1539 ut
853 1476 1082 1540 inveteratum
1099 1475 1270 1540 vestiendi
1286 1477 1343 1540 vel

399 1576 600 1642 comedendi
619 1576 779 1659 exemplo
796 1593 860 1639 suo
877 1574 1065 1639 inverteret
1080 1594 1222 1638 morem.
1274 1575 1345 1638 De·

399 1677 504 1758 nique
526 1669 758 1740 ²consuetudo
786 1673 893 1738 semel
913 1671 1105 1757 prandendi
1127 1674 1163 1736 in
1185 1673 1343 1738 'omnium

399 1774 607 1858 optimatum
631 1772 736 1838 curiis
763 1793 825 1856 per
853 1791 932 1837 eum
956 1771 1209 1854 frequentatur,
1239 1792 1344 1855 quam

400 1874 474 1957 ipse
486 1892 595 1938 causa
607 1872 707 1937 bonae
723 1871 932 1938 valetudinis
946 1878 1137 1954 acceptam,
1154 1865 1306 1936 ⁸nu'nciis
1322 1891 1345 1936 a

402 1971 789 2055 Constantinopolitano
809 1971 1018 2053 imperatore
1038 1968 1180 2048 Alexio,
1202 1991 1266 2036 suo
1288 1971 1346 2059 (ut

401 2068 493 2156 dixi)
510 2071 645 2137 caeteris
664 2069 792 2135 refudit
808 2070 979 2152 exemplo.
1023 2067 1125 2148 Quod
1139 2077 1256 2134 tamen
1271 2089 1346 2134 ma-

400 2170 455 2254 gis
470 2171 641 2254 parcitate
655 2168 864 2251 dapsilitatis
879 2167 1000 2233 fecisse
1011 2169 1225 2248 etdocuisse,
1240 2189 1345 2252 quam

401 2271 524 2334 timore
551 2268 733 2333 cruditatis
759 2276 795 2333 et
820 2267 1012 2349 indigeriei,
1029 2268 1201 2332 immerito
1224 2270 1345 2351 culpa-

401 2375 478 2450 tur3
509 2370 594 2451 quia
617 2387 717 2433 nemo
748 2387 801 2446 eo,
824 2373 864 2430 ut
891 2367 1011 2444 fertur,
1036 2367 1073 2431 in
1095 2368 1242 2450 dapibus
1267 2369 1345 2434 aliis

401 2467 648 2551 sumptuosior,
664 2467 721 2531 vel
748 2466 815 2531 sibi
842 2466 1051 2530 moderatior
1073 2465 1150 2532 fuit.
1203 2467 1247 2530 ln
1269 2467 1344 2551 pla·

400 2565 479 2629 citis
512 2572 752 2648 propugnator
775 2565 935 2648 justitiae,
963 2565 999 2627 in
1028 2566 1163 2646 guerris
1188 2569 1347 2649 provisor

400 2664 574 2728 victoriae:
598 2663 772 2728 dominum
789 2682 905 2740 regem
922 2663 966 2727 ad
988 2665 1209 2729 severitatem
1231 2666 1345 2748 legum

400 2761 661 2826 custodiendam
688 2781 883 2843 exacuens,
905 2763 980 2846 ipse
1006 2782 1076 2826 non
1101 2781 1160 2827 eas
1186 2783 1346 2847 sequens,

401 2859 461 2925 sed
488 2879 706 2942 proponensz
742 2879 868 2943 expers
895 2862 933 2925 in
957 2856 1092 2943 ⁴regem
1119 2863 1283 2946 perfidiae,
1310 2865 1345 2928 in

401 2965 546 3023 caeteros
562 2959 638 3042 ejus
652 2952 881 3041 ⁵persecutor.

239 3073 368 3114 Amator
451 3058 469 3142 §
496 3057 573 3123 408.
598 3058 763 3122 Habebat
786 3065 956 3139 praeterea
978 3079 1042 3123 rex
1070 3059 1245 3125 Henricus
1271 3061 1344 3144 epi-

238 3123 389 3226 fffiffi
399 3176 543 3241 scopum
570 3156 851 3221 salesbiriensem
868 3157 1060 3239 Rogerium
1075 3178 1098 3223 a
1114 3161 1268 3238 secretis,
1286 3180 1346 3224 cu·

393 3255 454 3340 jus
477 3257 628 3321 maxime
642 3257 819 3321 nitebatur
832 3257 990 3334 consilio,
1013 3276 1094 3321 nam
1111 3264 1147 3322 et
1164 3266 1245 3322 ante
1265 3279 1344 3342 reg-

431 3525 662 3590 ¹naamarqueq
679 3527 713 3577 s.
728 3529 757 3578 c.
775 3528 811 3578 n.
823 3528 856 3578 a.
918 3503 1068 3593 ’menaea
1093 3529 1127 3580 r.
1145 3530 1174 3581 s.
1192 3533 1222 3580 c.
1242 3532 1277 3582 n.
1290 3532 1345 3582 aa.

396 3596 427 3645 L.
438 3608 446 3656 ;
462 3595 630 3657 habebatque,
641 3596 671 3646 S.
883 3599 933 3660 L.;
949 3600 1053 3648 omitted
1065 3601 1091 3648 in
1103 3601 1127 3649 E
1134 3604 1158 3649 1.

429 3661 603 3712 ’Cmuetado
613 3666 685 3714 semi
699 3666 857 3729 prandearia]
918 3699 927 3726 ,
1164 3714 1171 3728 ,
1380 3713 1392 3717 -

304 3783 310 3797 ,
394 3732 456 3782 uns
477 3733 589 3794 precene
610 3734 760 3784 ansefred
782 3737 857 3797 arey
950 3701 1269 3820 qu-rcqppege,
1292 3704 1345 3764 ¹²⁴

395 3801 485 3864 Henry
505 3802 535 3850 oi
552 3802 720 3864 Huntingdon
741 3803 797 3870 (lib.
820 3817 856 3854 vr.
882 3784 964 3833 '⁰3⁰⁸’
1002 3804 1014 3820 '¹
1043 3806 1050 3819 '
1087 3806 1094 3820 '
1157 3807 1163 3819 '
1200 3807 1207 3820 '

394 3870 466 3937 2⁰9),
477 3872 551 3920 when
568 3872 694 3934 speaking
710 3873 740 3922 oi
756 3873 857 3923 Harde-
918 3868 1106 3936 ⁵Panerotem]
1124 3871 1214 3934 Henry
1224 3873 1253 3921 ol
1261 3874 1347 3925 Hunt·

395 3946 465 4004 cnut,
470 3941 529 3990 vrbo
536 3940 588 3989 had
594 3941 652 3989 tour
657 3946 756 4004 repasts
767 3943 857 3992 served
882 3943 985 4004 ingdon,
1003 3941 1029 3989 in
1046 3941 1086 3990 his
1105 3942 1195 4002 epistle
1212 3947 1238 3991 to
1249 3944 1347 3995 Walter

394 4025 430 4072 up
441 4026 518 4072 every
529 4011 596 4071 day:
613 4011 688 4058 ‘cum
706 4012 785 4060 nostri
795 4015 858 4060 tem-
882 4011 990 4077 (Anglia
1009 4011 1097 4072 Sacra,
1115 4025 1175 4072 pars
1188 4024 1217 4059 11.
1237 4028 1263 4072 p.
1275 4014 1346 4081 695,)

392 4081 463 4140 poris
485 4079 640 4129 consuetudo
657 4080 699 4142 sit,
720 4094 800 4129 causa
815 4081 857 4130 vel
882 4082 953 4142 gives
975 4095 992 4129 a
1013 4080 1140 4142 flattering
1167 4080 1299 4131 character
1320 4084 1350 4132 oi

393 4149 518 4211 avaritia,
527 4149 578 4211 vel,
589 4153 619 4198 ut
635 4148 684 4210 ipsi
698 4149 795 4211 dicunt,
805 4149 856 4198 ias-
882 4151 984 4199 Robert.
1009 4150 1149 4198 ordericus
1155 4149 1248 4198 Vitalis
1259 4152 1346 4211 places

392 4217 460 4280 tidii,
470 4218 599 4279 principes
616 4219 694 4267 semel
705 4219 732 4266 in
743 4219 785 4268 die
802 4223 856 4268 tan·
881 4219 921 4268 his
933 4219 1008 4268 death
1027 4234 1060 4268 on
1076 4219 1118 4268 ibe
1137 4223 1176 4268 lst
1186 4219 1264 4282 June,
1275 4223 1346 4272 A.D.

392 4288 594 4336 tumsuisescas
604 4289 774 4348 anteponere!
883 4291 955 4337 1118.
