3152 4970
210 555 280 603 mr.
296 537 339 618 1.]
500 553 674 603 fflsroaia
697 553 875 602 NovRLLA.
1099 535 1166 600 713
1208 609 1211 618 ‚

211 712 276 775 bus
299 730 378 774 eum
394 703 690 793 ¹possessionibus
712 710 749 773 in
766 709 898 792 Anglia
918 709 1044 793 quibus
1065 716 1163 792 pote-

213 817 269 873 rat
299 811 465 892 privavit,
492 816 527 873 ot
551 810 710 891 quaedam
736 809 812 894 ejus
839 810 984 876 castella
1010 809 1162 891 compla-

212 909 321 974 navit.
374 908 495 973 Solum
509 908 696 974 Bristowia
718 909 896 986 remansit,
913 917 954 974 ut
966 929 1036 974 non
1050 909 1163 972 solum

159 1073 163 1084 ,
213 1008 331 1072 hostes
348 1008 550 1090 expelleret,
566 1009 627 1072 sed
646 1009 752 1072 etiam
766 1009 895 1072 crebris
910 1029 1027 1091 regem
1049 1007 1165 1072 ineur-

212 1107 366 1171 sionibus
383 1107 558 1190 fatigaret.
602 1106 671 1171 Sed
688 1108 771 1191 quia
786 1109 934 1191 primum
947 1109 1071 1172 librum
1087 1107 1162 1170 No-

213 1207 312 1272 vellee
329 1205 497 1270 Historiae
520 1226 542 1270 a
562 1207 676 1270 reditu
697 1208 927 1289 imperatricis
950 1206 1049 1294 (post
1070 1227 1163 1271 mor-

213 1313 282 1370 tem
298 1303 432 1391 mariti)
449 1305 492 1370 ad
510 1313 644 1388 patrem
658 1305 837 1388 hucusque
858 1308 1072 1390 protraxisse
1089 1305 1161 1370 suf-

211 1405 343 1480 fecerit,
369 1423 460 1468 nuno
492 1406 680 1469 secundum
714 1406 899 1483 ordiemur,
929 1409 973 1471 ab
1000 1427 1041 1471 eo
1069 1425 1162 1470 anno

211 1524 281 1587 quo
307 1505 427 1568 eadem
448 1504 571 1585 virago
596 1505 632 1567 in
658 1502 825 1586 Angliam
848 1504 956 1583 venit,
977 1506 1161 1590 jussuum

209 1611 330 1668 eontra
344 1601 557 1686 Stephanum
574 1609 758 1668 assertura.

248 1840 418 1889 EXPLICIT
441 1839 549 1888 LIBER
572 1838 711 1887 PRIMUS
733 1837 907 1886 NOVELLAE
928 1835 1122 1888 HISTORIAE·

246 2105 254 2137 ¹
267 2105 462 2156 possessionibus
477 2106 503 2154 in
515 2103 608 2166 Argita
619 2103 674 2165 qui·
698 2103 946 2164 rioriburinAnglia
952 2103 1071 2164 privavit,
1078 2117 1160 2163 quan·

209 2177 253 2227 tur
261 2182 357 2242 poterat
363 2169 495 2244 privavit]
507 2175 540 2225 E.
550 2191 558 2237 3
573 2188 673 2238 posser-
698 2179 751 2224 tum
762 2174 788 2222 in
798 2174 855 2235 ipro
865 2173 924 2238 suit,
935 2173 964 2224 S.
978 2173 1008 2222 0.
1020 2172 1055 2223 D.
1067 2173 1124 2223 La
