3080 4960
211 479 279 526 nm.
298 461 369 544 rra]
495 439 679 529 snrsroam
701 483 879 531 Novanus.
1072 519 1074 522 .
1098 462 1165 533 749

210 646 292 721 post
308 638 446 702 Pascha
462 635 520 724 (ut
536 635 626 722 dixi)
644 638 774 703 luerint
785 631 948 717 actitata,
965 627 1024 705 rix
1039 644 1161 723 paucis

209 745 292 802 ante
311 736 658 803 Nativitatem‘beati
673 737 696 802 J
699 738 846 802 ohannis
869 739 989 803 diebus
1011 741 1161 823 impera·

211 837 331 900 tricem
356 838 559 919 reciperent.
612 837 785 920 Pleraque
809 846 890 902 tunc
916 858 997 920 pars
1019 837 1160 922 Angliae

210 928 444 1000 ·¹dominatum
471 937 546 1021 ejus
573 938 804 1019 suspiciebat3
838 937 946 1002 irater
978 938 1054 1023 ejus
1087 940 1160 1004 Ro·

211 1036 329 1098 bertus
346 1035 506 1100 assiduus
530 1038 622 1100 circa
645 1055 722 1100 eam
747 1037 905 1100 omnibus
921 1038 1044 1120 quibus
1059 1038 1160 1103 deee-

211 1134 274 1198 bat
297 1134 409 1198 modis
437 1134 513 1218 ejus
544 1135 691 1218 gloriam
725 1135 894 1214 exaltare,
916 1156 1075 1218 proceres
1100 1139 1160 1203 be-

211 1234 318 1318 nigne
356 1234 576 1316 appellando,
612 1235 723 1299 multa
759 1235 966 1316 pollicendo,
1004 1237 1160 1302 diversas

201 1339 329 1415 partes
350 1333 407 1396 vel
429 1334 602 1410 terrendo,
625 1333 681 1397 vel
709 1334 813 1398 etiam
837 1355 899 1416 per
924 1323 1160 1402 internuncios

212 1430 257 1494 ad
280 1451 401 1513 pacem
424 1431 654 1509 sollicitando,
677 1433 750 1516 Jam
769 1433 913 1516 Jamque
936 1435 972 1498 in
999 1436 1158 1499 omnibus

211 1521 370 1612 partibus
389 1531 600 1612 imperatrici
619 1531 815 1595 faventibus
832 1531 1020 1615 justitiam,
1040 1539 1075 1597 et
1097 1554 1161 1616 pa·

211 1629 298 1692 trias
311 1629 420 1710 leges,
432 1635 468 1692 et
484 1649 605 1712 pacem
620 1629 846 1693 reformando.
899 1630 1061 1715 Satisque
1078 1651 1159 1697 con·

211 1734 283 1791 stat
298 1728 402 1809 quod,
415 1729 446 1790 si
462 1728 538 1812 ejus
553 1729 780 1792 moderationi
800 1735 835 1792 et
857 1729 1037 1810 sapientiae
1052 1750 1073 1794 a
1086 1733 1159 1795 suis

211 1835 304 1890 esset
320 1826 499 1904 creditum,
514 1848 584 1892 non
599 1835 671 1891 tam
692 1828 870 1891 sinistrum
890 1834 1013 1910 postea
1032 1827 1159 1893 sensis-

208 1933 290 1989 sent
313 1926 399 1990 aleae
422 1945 553 1990 casum.
605 1924 739 1991 Aderat
769 1934 805 1990 et
831 1926 989 1990 dominus
1020 1925 1159 2010 legatus

211 2025 345 2102 sedula,
360 2032 400 2089 ut
416 2026 610 2103 videbatur,
634 2025 702 2089 lide
720 2024 949 2108 imperatricis
970 2029 1159 2092 commodis

212 2131 353 2206 praesto.
405 2124 472 2187 Sed
508 2144 599 2202 ecce,
630 2125 711 2188 dum
747 2127 825 2207 ipsa
852 2132 1034 2207 putaretur
1065 2127 1158 2190 omni

210 2219 344 2304 'Anglia
357 2224 475 2287 statim
490 2243 592 2306 posse
604 2225 720 2306 potiri,
733 2231 868 2287 mutata
885 2226 1012 2288 omnia.
1064 2226 1158 2290 Lon·

208 2321 406 2400 denienseS,
422 2341 557 2404 semper
572 2324 736 2406 suspecti,
754 2329 789 2387 et
804 2324 896 2386 intra
911 2343 948 2387 se
962 2325 1158 2404 frementeS,

212 2426 296 2484 tunc
323 2421 360 2484 in
392 2421 504 2504 aperti
536 2422 606 2486 odii
629 2441 748 2486 vocem
777 2429 986 2504 eruperunt3
1022 2424 1156 2488 insidiis

211 2519 316 2583 etiam
332 2518 390 2606 (nt
404 2518 530 2605 fertur)
544 2520 717 2585 dominam
734 2521 878 2605 ejusque
894 2521 1036 2586 comites
1052 2543 1158 2606 appe·

205 2619 373 2683 tinemut.
409 2700 410 2705 ἵ
427 2619 564 2698 Quibus
578 2621 630 2684 illi
643 2621 865 2703 praecognitis
880 2628 915 2686 et
932 2622 1064 2702 vitatis,
1078 2642 1157 2686 sen·

211 2719 276 2780 sim
292 2718 366 2782 sine
378 2721 531 2784 tumultu
547 2719 696 2802 quadam
710 2721 852 2784 militari
872 2721 1055 2802 disciplina
1072 2723 1157 2786 urbe

211 2824 399 2882 cesserunt.
452 2817 617 2883 Comitati
640 2826 723 2883 sunt
736 2818 990 2901 imperatricem
1007 2818 1158 2903 legatus,

210 2923 246 2980 et
262 2935 324 2980 rex
341 2917 467 2981 Scotiae
479 2917 595 2981 David
609 2919 801 2981 avunculus
815 2918 969 3002 ejusdem
978 2920 1158 3002 viraginis,

207 3023 246 3078 et
273 3015 380 3078 frater
399 3015 475 3097 ejus
498 3015 686 3092 Robertus,
708 3017 744 3078 in
763 3016 921 3079 omnibus
943 3023 983 3080 ut
1010 3037 1157 3100 semper,

211 3113 261 3178 sic
278 3119 313 3176 et
330 3120 424 3189 tunc,
440 3113 657 3177 fortunarum
677 3114 805 3176 sororis
827 3115 953 3191 socius,
980 3123 1015 3178 et
1037 3113 1096 3201 (ut
1115 3117 1158 3180 de

211 3211 413 3293 compendio
438 3208 567 3290 dicam)
581 3213 731 3294 partium
746 3211 822 3296 ejus
843 3231 960 3275 omnes
983 3213 1028 3276 ad
1050 3233 1157 3278 unum

210 3311 412 3374 incolumes.
464 3310 736 3388 LondonienseS,
764 3312 906 3392 cognito
934 3331 1053 3376 eorum
1078 3315 1158 3378 abs-

211 3428 322 3487 cessu,
346 3411 383 3472 in
404 3409 555 3491 hospitia
578 3411 747 3487 involant,
771 3410 934 3492 quicquid
956 3432 1071 3476 rerum
1092 3433 1156 3496 pro

210 3507 432 3573 festinatione
447 3510 605 3573 relictum
620 3516 696 3573 erat
710 3509 927 3574 abradentes.

292 3698 339 3744 DE
362 3697 558 3745 DISCORDIA
581 3697 843 3746 IMPERATRIGIS
867 3699 911 3754 ET
934 3699 1078 3752 LEGA'I'I.

261 3805 279 3888 §
293 3805 348 3869 49.
373 3804 449 3871 Nec
466 3805 584 3869 multis
595 3812 674 3888 post
692 3807 811 3869 diebus
833 3808 986 3871 surrexit
999 3807 1157 3873 simultas
1169 3781 1295 3872 ilidii?

210 3906 300 3968 inter
314 3905 467 3986 legatum
483 3912 518 3968 et
538 3906 803 3987 imperatricem,
821 3925 922 3987 quem
944 3925 1062 3970 casum
1078 3927 1158 3972 vere
1170 3881 1319 3982 iffi‘effg‘a'efud

178 4195 187 4210 '
245 4190 424 4241 ¹Domtnutum
434 4192 485 4252 ejus
503 4193 669 4260 amoena]
696 4193 860 4255 suscipiebat,
892 4192 997 4250 s.1>.;
1025 4191 1159 4252 dignanter

209 4263 233 4310 E
242 4267 281 4322 l.;
298 4262 431 4324 dignanter
449 4263 604 4312 dominatum
613 4265 669 4326 ejus
696 4264 850 4312 dominatum
858 4265 914 4325 ejus
926 4261 1091 4324 suspiciebat,
1102 4260 1158 4310 Η.
