3140 4974
241 515 311 562 nm.
332 499 398 580 1v.]
473 517 733 565 onsrnnneun
757 517 971 566 annuorum.
1117 505 1190 570 583

238 672 383 736 cessitas
401 692 471 755 qua
493 672 675 756 intercepti
700 682 800 738 erant
815 675 914 752 aluit,
928 682 964 739 et
977 675 1187 742 ministravit
1199 703 1295 764 aaran„

239 770 439 853 audaciam;
467 779 502 836 et
523 775 626 855 pauci
640 782 800 856 terraque
818 775 973 857 marique
988 777 1187 841 innumeras
1198 754 1348 844 ppegmprrem-

239 872 432 935 sustinuere
454 891 589 936 manus.
642 873 816 956 Namque,
839 881 879 938 ut
891 875 1003 938 visum
1025 883 1078 940 est
1100 879 1186 941 satis

173 985 175 990 ·
239 977 368 1034 metum
393 972 546 1049 finxisse,
570 972 733 1037 confertis
754 973 931 1038 ordinibus
953 981 990 1038 et
1011 978 1186 1040 conversis

238 1070 347 1151 signis
361 1071 518 1135 inimicos
529 1072 754 1155 jamjamque
765 1073 982 1138 incursantes
993 1075 1184 1156 includere3

237 1168 288 1232 ita
301 1187 403 1234 versa
425 1191 539 1234 rerum
562 1172 663 1249 facie,
686 1173 745 1253 qui
759 1173 916 1237 vicerant
931 1173 1026 1250 victi,
1046 1183 1085 1238 et
1100 1177 1182 1240 victi

238 1267 332 1332 suere
343 1270 505 1335 victores
553 1269 661 1334 Turci
676 1271 871 1353 perniciosa
885 1272 982 1336 clade
999 1277 1181 1355 prostrati3
1195 1295 1326 1338 uersatus

236 1369 360 1451 reliqui
381 1368 427 1432 ad
450 1389 557 1434 naves
580 1371 751 1452 praecipiti
773 1370 887 1436 studio
905 1372 1091 1453 fugientes
1105 1347 1271 1438 comm*

235 1467 272 1530 in
289 1469 397 1532 altum
412 1470 492 1551 plus
503 1470 604 1554 jactu
621 1469 760 1552 sagittae
776 1472 1037 1552 processissent,
1054 1473 1105 1536 ita
1119 1493 1182 1536 na-

234 1567 365 1648 vigium
379 1571 482 1632 remis
504 1577 540 1634 et
560 1571 645 1634 totis
667 1570 864 1652 pectoribus
880 1571 990 1633 innixi
1011 1573 1182 1654 propelle·

235 1667 332 1744 bant,
344 1670 446 1750 quasi
461 1669 620 1734 manibus
631 1669 905 1734 adversariorum
922 1669 966 1732 ad
981 1677 1107 1734 terram
1123 1692 1177 1736 re-

235 1767 326 1831 trahi
339 1775 492 1850 possent.
535 1770 583 1834 Et
597 1775 636 1832 ut
649 1769 853 1832 miraculum
867 1789 938 1833 non
955 1771 1045 1833 sicut
1060 1772 1179 1853 opina·

233 1866 302 1930 bile
324 1867 471 1946 dubites,
489 1869 549 1932 sed
571 1869 661 1932 sicut
678 1868 812 1934 visibile
828 1869 1079 1950 quodammodo
1102 1872 1179 1953 pal-

233 1985 306 2047 peS,
333 1969 548 2032 solummodo
570 1975 720 2050 quatuor
743 1968 931 2032 Christiani
955 1969 1082 2033 milites
1111 1971 1179 2034 fusi
1250 2027 1254 2034 .

233 2066 413 2131 victoriam
438 2069 573 2132 caeteris
588 2069 756 2149 sanguine
773 2088 936 2150 peperere
953 2086 1028 2130 suo.
1082 2067 1179 2147 Qua-

233 2173 375 2248 propter
404 2167 567 2232 confirmo
593 2167 685 2250 quod
713 2186 888 2249 nunquam
915 2166 1131 2231 Christicolae
1158 2189 1181 2232 a

234 2263 388 2346 Paganis
402 2267 622 2332 vincerentur
637 2267 668 2330 si
684 2273 765 2329 ante
791 2267 920 2329 bellum
943 2266 1179 2331 fortitudinem

233 2383 331 2428 suam
355 2367 554 2431 coelestibus
582 2367 742 2430 fulcirent
764 2367 945 2447 praesidiis,
969 2367 1062 2428 etin
1088 2367 1179 2431 bello

231 2465 336 2528 armis
367 2465 439 2529 suis
467 2467 597 2530 amicas
629 2485 831 2548 superorum
861 2465 1078 2548 applicarent
1107 2467 1178 2529 vir-

233 2569 344 2644 tutes3
368 2565 429 2630 sed
451 2567 534 2648 quia
557 2566 698 2648 inpane
720 2565 878 2628 omnibus
901 2584 938 2628 se
960 2565 1179 2646 ingurgitant

233 2662 386 2745 flagitiis,
402 2672 437 2728 et
452 2666 619 2748 inpugna
641 2665 717 2728 sola
739 2665 896 2728 nituntur
916 2665 1073 2740 audacia,
1088 2664 1178 2742 ideo,

232 2782 295 2827 nec
318 2765 500 2841 immerito,
515 2764 716 2829 multotiens
739 2764 905 2828 fortitudo
927 2783 1046 2827 eorum
1061 2765 1178 2828 deviat

231 2881 253 2924 a
269 2863 360 2927 bona
375 2865 526 2928 fortuna.
579 2864 703 2928 Comes
730 2882 812 2945 ergo
836 2862 979 2946 pulchro
1003 2863 1177 2945 triumpho

231 2963 405 3040 exultare,
421 2983 499 3026 cum
521 2982 679 3028 reversus
703 2969 795 3026 esset
810 2963 854 3025 ad
875 2962 987 3044 spolia
1008 2982 1177 3026 caesorum

230 3060 455 3139 detrahenda,
479 3082 550 3126 non
574 3079 704 3144 paucos
728 3061 863 3124 Turoos
889 3060 1032 3124 offendit
1056 3063 1176 3140 vivos;

230 3178 318 3241 quos
339 3161 455 3224 damni
472 3179 654 3242 corporum
676 3160 859 3235 immunes,
873 3159 933 3222 sed
953 3159 1108 3240 pecuniis
1123 3161 1177 3222 in·

231 3277 328 3336 anes,
358 3259 497 3322 dimisit.
550 3258 632 3340 Ipse
656 3277 734 3320 cum
758 3258 841 3333 suis,
870 3276 914 3320 ne
939 3257 1058 3338 aliqua
1081 3258 1177 3320 fraus

230 3355 367 3435 lateret,
392 3365 485 3421 retro
511 3357 686 3433 secedens,
708 3362 810 3419 nocte
835 3355 897 3418 illa
919 3358 983 3419 sub
1008 3355 1177 3420 olivarum

229 3457 391 3538 virgultis
409 3456 598 3539 requievit:
623 3456 683 3518 sed
702 3475 785 3522 mox
801 3454 952 3518 diluculo
969 3474 1046 3518 curn
1070 3476 1176 3538 expe-

231 3554 312 3620 ditis
337 3557 381 3620 ad
404 3557 584 3639 angustias
607 3555 765 3631 accessit,
790 3554 857 3617 fide
881 3554 1021 3618 oculata
1038 3555 1175 3618 visurus

230 3653 298 3719 loci
312 3664 493 3736 naturam3
516 3655 729 3738 intuitusque
747 3654 864 3717 omnia
878 3660 956 3717 tuta
973 3673 1060 3731 esse,
1076 3653 1175 3741 (nam

229 3753 335 3818 Turci
355 3756 414 3839 qui
436 3756 546 3840 pridie
568 3755 660 3818 circa
681 3761 832 3818 montem
848 3753 1057 3817 discursibus
1072 3754 1174 3818 lasci-

228 3855 375 3932 vierant,
404 3863 505 3920 nocte
542 3857 761 3937 intempesta,
793 3854 887 3916 caede
919 3871 1058 3915 suorum
1086 3853 1174 3928 visa,

229 3973 347 4016 omnes
371 3951 608 4039 diffugerant)
623 3953 873 4035 significatione
896 3951 982 4015 fumi
1000 3951 1106 4028 facta,
1129 3953 1176 4014 si-

228 4059 288 4116 out
310 4060 530 4130 convenerat,
560 4053 662 4116 sociis
692 4051 879 4115 discessum
910 4051 1062 4114 hostium
1095 4051 1176 4114 inti-

230 4153 350 4216 mavit.
403 4153 474 4229 Illi,
493 4171 664 4215 morarum
681 4151 828 4214 vinculis
852 4150 1033 4226 absolutis,
1055 4149 1177 4212 ducem

229 4253 393 4317 continuo
415 4253 533 4315 secuti.
587 4251 686 4315 Tunc
704 4249 814 4313 Beriti
840 4249 1030 4312 admiratus
1047 4249 1177 4312 victum

985 4365 1000 4409 2
1013 4364 1055 4408 02
