3148 4982
238 522 307 570 nra.
325 504 391 585 1v.]
463 522 576 571 cnsrn
603 524 729 572 ancon
754 526 971 574 Anononun.
1009 579 1011 583 ,
1121 513 1188 580 525

240 680 343 758 Quod
368 681 462 745 omni
488 689 641 763 tempore
669 681 817 764 primum
838 681 1011 766 jejunium
1037 691 1188 765 quatuor

239 789 431 862 temporum
452 782 563 879 prima
584 781 801 845 hebdomada
815 782 1099 864 Quadragesimae
1113 783 1185 847 fiat.
1235 765 1238 770 ⁵

240 879 343 958 Quod
366 881 503 944 ordines
525 882 618 945 omni
640 888 796 963 tempore
806 881 866 945 vel
889 883 925 945 in
941 902 1084 963 vespere
1101 883 1186 946 Sab-

240 980 326 1058 bati,
339 980 408 1058 vel,
425 989 667 1062 perseverante
679 981 827 1064 jejuni0,
845 981 881 1043 in
895 982 1080 1045 Dominica
1100 982 1188 1046 cele-

239 1081 404 1144 brentur:
436 1087 476 1144 ut
500 1081 536 1144 in
561 1079 715 1143 Sabbato
741 1080 900 1157 Paschae,
922 1101 993 1144 non
1019 1082 1086 1145 nisi
1108 1089 1188 1163 post

240 1178 360 1242 horam
384 1199 511 1242 nonam
535 1177 684 1243 officium
710 1180 923 1259 celebretur3
953 1186 992 1243 ut
1015 1180 1187 1263 jejunium

240 1279 429 1341 secundum
443 1279 478 1341 in
493 1278 709 1342 hebdomada
726 1273 968 1343 ¹Pentecostes
985 1280 1186 1345 celebretur.

242 1377 345 1456 Quod
361 1380 405 1442 ab
419 1376 583 1441 Adventu
599 1378 741 1441 Domini
758 1397 869 1460 usque
887 1379 930 1442 ad
942 1386 1085 1443 octavas
1104 1379 1187 1462 Epi·

242 1477 391 1558 phaniae,
421 1484 457 1540 et
488 1497 510 1541 a
538 1477 802 1559 Septuagesima
831 1496 941 1558 nsque
969 1479 1012 1541 ad
1045 1485 1189 1542 octavas

243 1575 401 1653 Paschae,
426 1583 462 1640 et
489 1595 511 1638 a
536 1577 648 1657 prima
675 1576 729 1640 die
752 1576 989 1658 Rogationum
1013 1579 1188 1658 usquead

242 1682 384 1738 octavas
399 1674 637 1752 Pentecostes,
657 1683 692 1740 et
715 1695 737 1739 a
758 1683 883 1758 quarta
904 1675 990 1762 feria
1013 1676 1189 1741 occidente

242 1774 314 1838 sole
339 1775 432 1837 omni
461 1783 615 1855 tempore
646 1792 757 1856 usque
787 1775 831 1838 ad
855 1776 1041 1838 secundam
1069 1775 1189 1839 feriam
1218 1772 1220 1774 ’

243 1875 373 1938 oriente
390 1873 463 1938 sole
480 1867 610 1938 ²trevia
627 1875 696 1938 Dei
718 1875 945 1938 custodiatur.
997 1874 1100 1953 Quod
1116 1876 1188 1957 epi-

184 1995 186 2000 ·
244 1993 385 2055 scopum
418 1973 477 2054 qui
511 1973 655 2055 ceperit,
690 1975 830 2037 omnino
867 1975 971 2038 exlex
1008 1974 1189 2038 habeatur.

244 2072 347 2150 Quod
370 2073 431 2155 qui
452 2073 541 2135 sacri
564 2073 695 2136 ordinis
710 2075 804 2137 viros
821 2073 878 2137 vel
902 2093 1019 2137 eorum
1042 2074 1190 2136 famulos

243 2173 384 2253 ceperit,
411 2171 596 2236 anathema
626 2173 681 2235 sit.
734 2171 837 2250 Quod
864 2175 924 2255 qui
951 2174 1190 2255 episcoporum

243 2270 299 2335 vel
329 2271 531 2336 clericorum
564 2273 783 2335 morientium
812 2273 904 2335 bona
933 2271 1073 2353 ceperit,
1106 2291 1190 2335 ana-

244 2370 360 2433 thema
378 2371 435 2434 sit.
487 2369 591 2448 Quod
618 2371 679 2453 qui
707 2390 817 2453 usque
842 2370 886 2434 ad
908 2363 1108 2453 ³septimam
1131 2392 1191 2452 ge·

244 2471 458 2533 necationem
480 2470 776 2552 consanguinitati
798 2488 836 2533 se
860 2470 1087 2552 copulaverit,
1109 2489 1193 2534 ana-

245 2569 362 2633 thema
392 2569 449 2633 sit.
510 2569 614 2647 Quod
648 2589 750 2632 nemo
781 2570 817 2631 in
855 2570 1054 2651 episcopum
1085 2571 1193 2652 eligo·

209 2732 212 2736 .
245 2675 313 2745 tur,
349 2668 416 2731 nisi
444 2670 637 2751 presbyter,
668 2675 729 2732 ant
760 2668 938 2744 diaconuS,
962 2676 1024 2733 aut
1052 2670 1193 2733 subdia·

241 2786 364 2845 conuS,
388 2773 423 2830 et
446 2768 501 2833 cui
521 2769 690 2831 natalium
711 2767 862 2848 dignitas
883 2767 1105 2850 suffragatur,
1128 2770 1194 2832 nisi

246 2867 400 2929 maxima
423 2867 628 2932 necessitate
643 2874 679 2931 et
692 2867 832 2931 licentia
847 2886 960 2951 papae.
1013 2867 1116 2945 Quod
1134 2868 1195 2932 filii

247 2967 525 3048 presbyterorum
554 2967 608 3029 vel
639 2967 907 3030 concubinarum
941 2966 985 3029 ad
1018 2970 1196 3049 presbyte-

247 3072 361 3138 ratum
381 3085 452 3128 non
477 3073 758 3147 promoveantur,
781 3067 847 3129 nisi
868 3067 963 3148 prius
988 3066 1031 3128 ad
1055 3066 1194 3147 religio·

245 3183 319 3228 sam
337 3164 445 3228 vitam
469 3163 679 3229 transierint.
733 3164 836 3242 Quod
860 3165 920 3246 qui
946 3164 991 3227 ad
1014 3164 1195 3228 ecclesiam

247 3263 302 3329 vel
316 3264 360 3326 ad
377 3282 512 3327 crucem
534 3263 764 3348 confugerint,
780 3262 863 3326 data
880 3265 1108 3327 membrorum
1130 3265 1194 3326 im-

246 3364 416 3445 punitate,
430 3363 579 3446 justitiae
594 3364 789 3439 tradantur,
804 3361 860 3426 vel
885 3363 1086 3426 innocentes
1109 3363 1194 3427 libe-

246 3472 376 3527 rentur.
429 3461 532 3540 Quod
550 3481 768 3544 unaquaeque
782 3461 929 3524 ecclesia
943 3461 1093 3526 decimas
1113 3481 1195 3525 suas

282 3686 455 3738 ¹Peatecostes
465 3684 621 3756 celebretur]
635 3689 664 3738 S.
674 3689 708 3738 D.
735 3687 840 3748 taching
867 3686 907 3735 his
935 3685 1043 3736 sellows.
1090 3687 1116 3734 It
1142 3699 1197 3734 was

249 3759 299 3815 E.;
315 3759 359 3807 liat
371 3759 545 3820 Pentecosten
555 3759 587 3808 L.
734 3757 836 3805 blamed
854 3758 889 3818 by
906 3770 974 3805 some
991 3755 1094 3815 bishops
1113 3769 1142 3803 as
1164 3769 1197 3803 an

282 3825 294 3856 ‘²
314 3828 401 3876 Trebia
420 3828 491 3891 Dei]
513 3829 567 3877 The
589 3833 661 3876 truce
685 3826 714 3874 ol
735 3827 852 3876 occasion
870 3826 898 3875 os
911 3827 1025 3888 perjury‚
1041 3825 1091 3874 and
1110 3826 1200 3885 reject·

249 3897 308 3948 God
319 3913 374 3947 was
385 3899 439 3946 first
456 3898 574 3946 invented
591 3899 617 3945 in
628 3897 710 3958 Aqui·
735 3897 768 3945 ed
784 3897 819 3956 by
834 3896 876 3944 the
894 3897 1021 3944 Normans
1036 3909 1065 3943 as
1083 3899 1199 3956 contrary

248 3969 437 4016 tainin1032.
473 3967 498 4015 It
508 3981 563 4016 was
582 3981 609 4014 so
629 3967 710 4015 called
736 3971 762 4014 to
783 3965 849 4014 their
870 3966 1014 4026 privileges.
1053 3963 1199 4028 (Ducange,

249 4037 312 4084 from
331 4037 373 4086 the
391 4051 525 4098 eagemess
541 4036 604 4084 with
627 4036 710 4084 which
737 4035 823 4084 Gloss.
852 4040 912 4084 tom.
936 4047 972 4084 vr.
995 4051 1021 4095 p.
1043 4037 1197 4083 aen-685.

249 4107 282 4155 its
293 4108 346 4158 first
362 4107 480 4168 propoeal
491 4121 545 4156 was
551 4106 665 4154 received
678 4107 711 4165 by
738 4105 844 4153 Conrult
854 4106 908 4153 also
920 4105 1081 4153 Robertson’s
1093 4103 1199 4153 charles

248 4177 292 4224 the
304 4177 425 4237 suffering
443 4178 534 4236 people
546 4173 575 4224 oi
582 4190 657 4236 every
669 4175 713 4222 de·
738 4175 770 4235 V,
783 4175 831 4224 vol.
844 4173 876 4236 1.)

251 4261 324 4307 gree:
336 4246 429 4308 during
440 4247 482 4294 the
494 4247 553 4293 time
565 4245 713 4306 itendured,
772 4241 950 4307 ⁸Septimam.]
974 4243 1008 4292 D.
1025 4243 1057 4291 E.
1078 4241 1125 4301 1..;
1143 4255 1201 4290 sex·

187 4340 192 4345 ·
251 4330 283 4365 no
294 4331 341 4364 one
352 4316 431 4364 dared
443 4321 469 4365 to
482 4315 589 4376 infringe
601 4316 621 4362 it
633 4317 665 4374 by
677 4319 714 4362 at·
738 4319 799 4375 tam,
812 4314 840 4364 S.
