3080 4960
211 472 284 521 nro.
301 458 372 540 ιιι]
501 475 676 524 rusronrn
698 476 880 525 novetur,
1099 459 1165 526 765

215 648 331 694 secum
342 631 532 710 obsidibus,
547 651 626 696 cum
641 633 815 715 expeditis
831 633 999 697 militibus
1016 652 1077 715 per
1087 639 1165 697 tuta

215 728 367 812 hospitia
393 732 436 795 ad
462 732 607 796 Waram
632 732 810 814 profectus
836 738 902 808 est,
926 751 1028 813 quem
1049 733 1164 797 vicum

215 847 295 892 cum
310 831 454 895 castello
464 831 669 913 jamdudum
684 833 904 896 commiserat
918 831 989 895 filio
1012 850 1076 894 suo
1093 832 1164 913 pri-
1204 898 1210 911 ,

215 930 393 1010 mogenito
407 929 595 996 Willelmo.
647 930 704 994 Ibi
726 931 906 1013 aliquanto
934 937 1015 1013 post
1038 930 1165 994 festum
1269 971 1272 976 -

217 1029 329 1092 sancti
343 1028 368 1092 J
370 1028 517 1093 ohannis
535 1031 608 1094 alto
623 1049 661 1094 se
675 1049 737 1112 per
752 1030 821 1093 Dei
837 1029 986 1112 gratiam
1008 1030 1164 1094 commit·

217 1134 306 1204 tens,
321 1145 429 1193 naves
445 1147 532 1211 quas
550 1137 633 1193 tunc
655 1128 805 1194 habebat
818 1128 935 1194 solvit.
987 1127 1076 1206 Quae
1094 1129 1166 1193 fere

216 1227 253 1289 in
267 1227 417 1291 medium
434 1247 528 1294 mare
542 1228 680 1306 delatae,
696 1247 815 1293 omnes
837 1235 965 1311 praeter
977 1228 1065 1292 duas
1080 1234 1166 1292 tem-

218 1332 354 1408 pestate
376 1334 496 1392 coorta
520 1328 557 1392 in
580 1328 718 1392 diversa
737 1327 903 1412 jactatae3
938 1328 1166 1412 quaedamque

218 1431 311 1490 retro
327 1444 451 1505 versae,
468 1426 628 1510 quaedam
650 1427 743 1492 ultra
759 1427 969 1491 destinatum
991 1428 1166 1510 propulsae

214 1531 317 1590 sunt:
350 1525 429 1588 duee
451 1526 680 1604 solummodo,
712 1527 749 1590 in
772 1513 918 1608 quarum
946 1545 1018 1590 una
1050 1545 1166 1590 comes

215 1643 295 1687 cum
319 1623 495 1689 fidissimis
520 1631 607 1704 erat,
620 1635 752 1689 rectum
775 1644 915 1689 cursum
934 1617 1104 1703 tenentes,
1129 1625 1166 1688 in

214 1723 376 1788 idoneam
399 1725 584 1789 stationem
605 1725 824 1808 appulerunt.
876 1723 1032 1788 Veniens
1049 1724 1168 1808 itaque

216 1819 422 1901 Gadomum,
446 1823 605 1888 comitem
627 1823 917 1906 Andegavensem
939 1843 1001 1906 per
1021 1825 1167 1887 nuncios

218 1922 411 1987 accersivit.
463 1922 571 1987 Venit
592 1921 651 1986 ille
673 1943 742 1986 non
768 1929 1005 2006 aspernanter,
1021 1923 1082 1988 sed
1104 1942 1167 1986 au·

217 2021 302 2084 ditae
315 2021 482 2103 legationi
496 2039 560 2085 sua
574 2020 831 2105 impedimenta,
853 2029 890 2086 et
911 2040 953 2086 ea
972 2022 1094 2101 multa,
1107 2023 1168 2086 ob·

214 2119 320 2203 jecit:
343 2121 537 2203 interquae,
556 2121 648 2203 quod
670 2114 857 2185 rebellione
880 2120 1067 2184 multorum
1091 2139 1167 2185 cas-

219 2220 380 2284 tellorum
397 2220 434 2283 in
450 2220 668 2285 Normannia
682 2220 894 2284 detineretur
907 2239 977 2302 quo
996 2221 1109 2284 minus
1131 2220 1169 2284 in

219 2316 384 2401 Angliam
401 2321 543 2384 veniret.
596 2320 649 2384 Ea
661 2339 718 2384 res
731 2338 846 2384 moras
862 2319 1026 2384 redeundi
1049 2319 1168 2384 comiti

221 2416 480 2483 Gloecestrensi
502 2419 596 2483 ultra
618 2419 785 2503 placitum
811 2418 991 2483 innexuit:
1024 2438 1105 2482 nam
1128 2425 1168 2483 ut

221 2516 508 2600 Andegavensem
529 2518 624 2582 omni
646 2519 827 2583 occasione
849 2518 1008 2596 nudaret,
1025 2538 1103 2582 curn
1126 2537 1167 2582 eo

220 2617 337 2682 decem
355 2617 499 2683 castella
523 2619 739 2701 expugnavit
761 2618 798 2681 in
816 2617 1045 2695 Normannia,
1063 2611 1169 2701 lquo·

220 2736 297 2780 rum
318 2715 394 2781 haec
416 2724 497 2781 sunt
512 2718 695 2795 vocabula,
717 2715 982 2795 Tenerchebrai,
1006 2716 1168 2780 Seithila·

220 2824 284 2894 ret,
318 2816 532 2896 Brichesart,
553 2809 693 2895 ·²Alani,
728 2816 961 2898 Bastonborg,
994 2815 1169 2894 Triveres,

222 2915 342 2980 Castel
363 2916 406 2980 de
420 2915 521 2993 Vtra,
536 2914 697 2994 Plaiseiz,
711 2914 841 2992 Vilers,
862 2915 1049 2980 Moretoin.
1100 2914 1169 2978 Sed

221 3015 469 3098 propemodum
494 3014 580 3077 nibil
605 3020 773 3096 quantum
798 3014 843 3077 ad
866 3013 1077 3095 legationem
1102 3012 1169 3077 bac

219 3113 395 3197 promovit
419 3112 611 3192 industria3
645 3111 908 3193 Andagavensis
936 3111 1027 3175 enim
1054 3115 1169 3176 comes

221 3219 257 3278 et
283 3213 370 3276 alias
393 3213 605 3288 occasiones,
626 3212 798 3295 prioribus
820 3211 955 3290 solutis,
977 3211 1170 3290 substituit,

222 3313 349 3394 quibus
380 3311 418 3374 in
440 3308 606 3392 Angliam
633 3311 820 3400 adventum
848 3317 1032 3374 excusaret
1054 3328 1168 3374 suum.

223 3411 349 3494 Magni
361 3429 446 3474 saue
462 3410 539 3474 loco
555 3409 712 3474 beneficii
728 3409 836 3473 filium
851 3428 953 3473 suum
964 3429 1009 3473 ex
1022 3410 1172 3492 impera

222 3512 306 3576 trice
329 3510 595 3594 primogenitum
623 3509 796 3574 avunculo
830 3509 1001 3573 concessit
1032 3509 1069 3572 in
1093 3506 1170 3573 An·

222 3612 329 3694 gliam
353 3609 602 3687 deducendum,
625 3608 725 3692 cujus
746 3609 876 3673 intuitu
898 3627 1057 3692 proceres
1080 3607 1169 3691 justi

221 3709 368 3774 haeredis
392 3716 509 3793 partes
534 3726 755 3792 propugnare
776 3708 1021 3773 animarentur.
1072 3707 1171 3771 Hen-

222 3810 314 3874 ricus
331 3815 478 3874 vocatur
492 3828 590 3890 puer,
613 3828 737 3872 nomen
759 3808 818 3872 avi
840 3807 1012 3873 referens:
1036 3807 1171 3870 utinam

222 3909 424 3998 felicitatem
442 3913 477 3972 et
493 3908 685 3990 potentiam
702 3907 910 3990 quandoque
926 3907 1110 3971 relaturus

259 4175 390 4233 lquoram
407 4209 453 4225 ...
475 4171 619 4244 Moretoin.]
641 4178 689 4238 E.;

225 4247 329 4298 omaso
340 4247 367 4295 in
379 4245 407 4295 s.
422 4246 452 4295 c.
466 4246 500 4296 n.
512 4246 547 4295 rr.
559 4247 613 4296 nn.
745 4209 864 4277 Uluti]
883 4215 955 4274 Ele
970 4211 1057 4270 Aluti,
1069 4212 1126 4262 En
