3080 4960
207 461 276 511 ers.
296 445 352 532 ιι]
498 461 673 514 sisne-mn
696 461 874 512 rosseum
1095 445 1164 548 ⁷²⁷,

208 617 294 685 nibil
317 618 455 688 omnino
478 616 723 703 (inquantum
740 613 897 700 valebat)
921 615 1091 698 reliquum
1109 618 1162 682 fa.

206 717 302 784 ciens
325 717 418 800 quod
442 723 561 800 posset
583 716 731 783 inimicis
763 717 836 786 suis
869 717 943 781 esui
967 717 1023 781 vel
1056 717 1159 782 alicui

209 836 288 886 usul
301 836 387 887 csse.

275 1005 323 1060 DE
347 1007 456 1058 OBITU
484 1007 531 1058 ΕΤ
558 1006 718 1059 Monlsbs
745 1006 899 1069 bosean
928 1004 1090 1056 Erlscobi

566 1106 801 1162 sanssblntiss.

259 1213 346 1297 §aa
370 1213 489 1282 Tertio
513 1213 592 1280 idus
607 1212 807 1280 Decembris
826 1212 1001 1294 Rogerius
1026 1213 1160 1296 spisso,
1173 1233 1275 1294 nertin

209 1332 276 1398 pus
303 1313 500 1380 Salesbiriee
525 1312 654 1379 febrem
684 1320 904 1396 quartanam,
926 1332 996 1395 qua
1019 1312 1159 1397 jamnus
1172 1283 1322 1422 Ξιοέἓιζῑὲἰῗέᾅῗ

211 1412 294 1476 dum
306 1413 549 1496 quassabatur,
560 1406 743 1477 lbeneficio
753 1413 872 1478 mortis
887 1414 999 1477 evasit
1014 1433 1023 1476 ε
1041 1412 1160 1476 dolore
1193 1395 1223 1423 ‘⁰'
1261 1409 1266 1422 '

210 1511 318 1577 animi
334 1511 432 1576 aiunt
446 1531 525 1576 eum
547 1511 761 1578 contraxisse
777 1511 1020 1588 ualetudinem,
1037 1519 1159 1594 utpote

210 1611 317 1675 tantis
339 1617 469 1680 ettam
493 1609 623 1678 crebris
641 1630 665 1676 a
686 1630 767 1692 rege
789 1609 966 1694 Stephano
983 1610 1160 1692 pulsatum

207 1710 446 1778 incommodis,
496 1711 589 1779 Eum
605 1709 688 1776 mibi
705 1711 842 1776 videtur
853 1711 950 1774 Deus
963 1711 1160 1793 exemplum

209 1809 377 1877 divitibus
401 1829 465 1892 pro
492 1809 710 1878 volubilitate
736 1830 851 1875 rerum
884 1809 1094 1887 exhibuisse,
1117 1831 1160 1874 ne

212 1916 354 1991 sperent
377 1910 414 1972 in
432 1910 565 1980 incerto
590 1909 810 1991 divitiarum3
833 1929 921 1993 quas
942 1909 1084 1992 quidam
1105 1903 1161 1994 (ut
1281 1918 1283 1923 ’

208 2008 263 2074 ait
275 2001 491 2093 ²apostotus)
506 2015 708 2092 appetentes
724 2027 746 2073 a
765 2009 832 2074 fide
853 2009 1159 2091 naufragaverunt.

212 2106 419 2179 Insinuatus
446 2115 500 2178 est
520 2109 632 2192 primo
651 2109 772 2174 comiti
792 2107 959 2186 Henrico,
981 2109 1042 2190 qui
1064 2116 1161 2190 post·

214 2207 354 2278 modum
378 2228 442 2275 rex
467 2207 546 2285 suit,
572 2226 635 2289 pro
669 2205 932 2290 prudentiores
956 2208 1162 2278 domesticas

208 2307 487 2384 administrandi,
499 2314 537 2375 et
552 2307 674 2374 luxum
689 2306 830 2376 familiae
845 2307 1038 2378 cohibendi.
1080 2307 1164 2374 Fuit

216 2407 306 2478 enim
332 2407 507 2478 Henricus
531 2414 613 2475 ante
643 2427 787 2488 regnum
817 2407 855 2472 in
882 2407 1045 2490 expensis
1068 2407 1163 2489 parci

172 2551 178 2561 ·
212 2507 322 2576 enimi
345 2513 382 2572 et
395 2506 500 2588 frugi,
519 2494 666 2588 penurie
686 2506 820 2573 scilicet
834 2507 884 2570 rei
905 2505 1084 2571 familiaris
1105 2526 1165 2571 as·

214 2606 352 2684 anetus,
366 2605 531 2676 fratribus
546 2605 723 2672 Willelmo
741 2614 776 2671 et
792 2605 947 2670 Roberto
962 2613 1166 2688 arroganter

209 2725 295 2770 eum
308 2706 552 2774 tractantibus.
602 2703 715 2792 ¹Cujus
739 2705 886 2787 cognitis
908 2705 1072 2782 moribus,
1091 2705 1165 2770 Ro-

215 2805 334 2887 gerius
351 2805 402 2871 ita
414 2825 494 2876 enm
512 2811 665 2888 ternpore
676 2806 805 2888 ¹inopiae
818 2806 1001 2881 demeruit,
1018 2812 1069 2881 ut,
1088 2825 1165 2874 cum

214 2905 276 2976 itte
298 2905 422 2974 solium
442 2905 543 2987 regni
565 2905 787 2982 ascendisset,
805 2904 891 2970 nihil
916 2904 948 2969 ei
964 2905 1019 2968 vel
1042 2923 1166 2987 parum

217 3011 362 3086 negaret
395 3003 488 3086 quod
512 3005 590 3086 ipse
619 3004 805 3084 petendum
837 3011 1011 3086 putasset:
1047 3003 1167 3084 largiri

217 3104 360 3186 praedia,
376 3101 551 3178 ecclesias,
563 3102 766 3188 praebendas
781 3102 994 3197 clericorum,
1010 3102 1167 3178 abbatias

217 3203 372 3283 integras
403 3200 661 3277 monachornm,
686 3201 800 3282 ipsum
824 3207 998 3283 postremo
1023 3221 1168 3281 regnum

216 3300 300 3367 fidei
324 3300 411 3384 ejus
425 3299 658 3372 committere:
682 3299 924 3364 cancellarium
939 3300 1038 3364 initio
1057 3301 1168 3382 regni,

216 3419 284 3470 uec
300 3399 410 3468 multo
425 3406 506 3482 post
523 3398 721 3482 episcopum
735 3399 942 3477 Saiesbiriae,
958 3399 1049 3464 fecit.
1096 3400 1170 3464 Rc-

215 3499 336 3582 gcrius
353 3519 436 3580 crgo
454 3500 580 3580 agebat
597 3517 734 3574 causas,
748 3499 825 3582 ipse
846 3498 1090 3564 moderabatur
1106 3517 1168 3564 ex*

212 3618 360 3682 -pensas,
383 3599 460 3684 ipse
491 3599 656 3668 seruabat
679 3617 808 3680 gazas3
837 3598 905 3662 boc
937 3600 1077 3682 qnando
1104 3620 1168 3664 rex

220 3706 297 3764 crat
320 3699 358 3768 in
383 3697 526 3781 Anglia,
549 3698 615 3763 boc
643 3698 717 3762 sine
737 3698 834 3762 socio
858 3705 894 3762 et
919 3706 1010 3764 teste
1030 3700 1169 3782 quando

215 3796 331 3883 (quod
347 3799 467 3866 crebro
489 3805 525 3863 et
538 3799 600 3864 ,din
622 3794 764 3881 accidit)
777 3801 977 3864 morabatur
995 3799 1169 3863 Narman-

219 3898 300 3962 niae.
353 3897 430 3965 Nec
448 3898 559 3964 solum
577 3917 705 3980 arege,
727 3898 788 3962 sed
811 3906 845 3964 et
866 3901 909 3963 ab
932 3899 1169 3994 optimatibus,

258 4166 266 4196 ¹
279 4170 425 4237 Beneficia]
443 4173 516 4222 ab.
526 4172 599 4235 ΙΙι2.;
617 4174 684 4226 abe-

220 4241 319 4304 neficio,
329 4241 362 4293 Ε,
744 4205 917 4273 Ἀροείοῑιω]
929 4211 942 4256 1
955 4208 1019 4257 Tim.
1032 4220 1051 4256 1.
1066 4210 1105 4258 19.

985 4327 1066 4374 aaa
