3148 4982
249 509 402 589 mauu]
483 526 596 574 cusrn
620 527 747 574 aucun
771 527 986 574 Ausuonuu.
1138 512 1218 592 505,

248 704 339 747 nram
357 685 515 768 perculit,
530 691 570 756 ut
592 684 763 766 fragmina
779 679 831 747 ¹in
855 692 931 748 tota
953 691 1202 766 spargerentur

248 785 406 861 ecclesia,
424 786 507 866 quin
523 792 558 847 et
574 785 730 847 crucifixi
748 791 854 866 caput
867 804 945 848 cum
961 783 1086 846 dextra
1101 783 1198 860 tibia,

249 891 284 946 et
298 884 484 965 imaginem
506 891 637 947 sanetae
653 883 776 946 Mariae
791 882 927 966 dejecit.
974 883 1121 946 Secutus
1144 890 1198 946 est

247 983 332 1046 odor
358 985 565 1060 teterrimus
588 983 765 1046 hominum
792 983 1021 1065 importabilis
1043 982 1195 1046 naribus

248 1082 403 1146 Tandem
422 1082 594 1159 monachi,
609 1081 702 1145 felici
719 1101 807 1145 ausu
829 1083 1071 1164 irrumpentes
1093 1082 1196 1144 bene-

246 1180 348 1245 dictae
377 1202 477 1265 aquae
509 1181 692 1264 aspergine
722 1181 918 1264 praestigias
948 1181 1078 1245 inimici
1110 1180 1194 1244 effu·
1254 1173 1255 1177 ’

247 1289 386 1361 garant.

299 1381 415 1464 §324
441 1379 535 1458 Quid
559 1380 645 1443 illud
673 1380 832 1443 omnibus
856 1380 1071 1461 incognitum
1096 1400 1194 1445 seeu-

246 1479 313 1543 lisl
332 1480 504 1544 discordia
519 1487 702 1543 ventorum
717 1480 807 1543 inter
828 1498 865 1542 se
882 1479 1133 1557 dissidentium,
1150 1483 1194 1544 ab

245 1587 465 1643 euro-austro
483 1580 636 1656 venienS,
659 1579 791 1642 decimo
813 1585 914 1642 sexto
937 1577 1103 1660 kalendas
1120 1579 1292 1644 No-oot·1⁷-

245 1681 394 1743 vembris
422 1677 610 1742 Londoniae
643 1680 826 1761 plusquam
857 1671 1038 1742 ²secentas
1072 1679 1192 1743 domos

245 1778 391 1860 effregit.
443 1777 719 1842 Cumulabantur
741 1779 895 1841 ecclesiae
922 1797 1000 1841 eum
1022 1779 1193 1858 domibus

245 1879 403 1942 maceriae
426 1897 504 1941 cum
526 1879 727 1960 parietibus.
780 1877 900 1960 Majus
921 1897 1059 1959 quoque
1079 1880 1192 1942 scelus

246 1976 341 2040 furor
366 1984 549 2042 ventorum
576 1996 693 2053 ausuS,
720 1984 851 2040 tectum
881 1977 1035 2040 ecclesiae
1061 1987 1192 2042 sanctae

247 2077 370 2140 Mariae
387 2097 465 2158 quae
482 2077 543 2140 ‘ad
558 2073 683 2140 Areus'
694 2076 820 2140 dicitur
837 2075 968 2158 pariter
984 2077 1192 2154 sublevavit,

246 2184 281 2239 et
296 2176 383 2239 duos
398 2177 553 2240 homines
569 2177 616 2239 ibi
631 2177 758 2240 obruit.
796 2175 1079 2257 Ferebanturque
1095 2177 1193 2257 tigna

245 2295 323 2338 cum
348 2277 504 2339 trabibus
529 2295 591 2358 per
613 2276 727 2352 inane,
755 2275 954 2356 spectaculo
976 2293 998 2337 a
1021 2275 1125 2356 longe
1139 2277 1192 2339 vi·

245 2376 413 2452 sentibuS,
428 2375 544 2438 timori
561 2393 669 2456 prope
691 2373 864 2437 stantibus
888 2392 931 2436 ne
955 2375 1191 2440 obruerentur.

247 2473 409 2552 Quatuor
429 2475 539 2555 tigna,
555 2493 619 2536 sex
633 2481 668 2537 et
683 2474 808 2554 viginti
832 2473 937 2556 pedes
961 2473 1078 2554 longa,
1093 2480 1193 2538 tanta

247 2575 282 2638 vi
297 2575 332 2636 in
356 2574 498 2636 humum
520 2574 673 2654 impacta
694 2579 777 2636 sunt
790 2579 830 2636 ut
845 2573 907 2636 vix
923 2580 1073 2653 quatuor
1088 2573 1192 2656 pedes

245 2678 417 2736 extarent.
471 2672 629 2736 Notabili
646 2673 724 2736 visu
739 2672 910 2754 quomodo
925 2671 1085 2735 duritiem
1103 2680 1192 2736 stra-

246 2780 292 2834 tae
316 2773 463 2854 publicae
484 2772 714 2854 perruperint,
734 2791 775 2834 eo
792 2773 839 2834 ibi
855 2771 974 2835 ordine
996 2772 1111 2853 posita
1124 2791 1193 2854 quo

246 2873 390 2934 intecto
412 2890 516 2933 manu
541 2869 683 2934 artificis
708 2870 845 2934 fuerant
867 2872 993 2946 locata,
1011 2871 1126 2952 quoad
1149 2873 1192 2934 ob

247 2971 492 3052 impedimenta
521 2970 774 3033 transeuntium
808 2970 851 3033 ad
882 2969 1060 3052 planitiem
1090 2977 1192 3033 terrae

248 3077 329 3133 sunt
343 3070 493 3145 desecta,
508 3069 600 3150 quod
614 3068 715 3131 aliter
730 3070 803 3131 erui
818 3068 1011 3150 nequirent.

298 3169 411 3252 §325.
436 3167 568 3246 Quinto
594 3184 686 3230 anno
712 3167 832 3230 eadem
855 3167 1020 3230 violentia
1041 3166 1194 3230 fulminis
1206 3183 1261 3223 nn.
1272 3184 1327 3222 1092.

247 3269 339 3350 apud
361 3268 583 3331 salesbiriam
599 3273 728 3330 tectum
753 3267 857 3330 turris
879 3266 1032 3329 ecelesiae
1056 3267 1194 3329 omnino

247 3368 395 3450 disjecit,
411 3367 625 3447 multumque
640 3365 823 3428 maceriam
841 3364 1077 3441 labefactavit,
1094 3365 1193 3446 quin-

247 3474 285 3529 ta
298 3484 382 3528 sane
397 3467 453 3528 die
467 3472 651 3547 postquam
663 3483 738 3527 eam
752 3464 973 3531 dedicaverat
985 3462 1195 3541 osmundus

248 3566 425 3647 praeelarae
442 3563 615 3627 memoriae
630 3565 821 3645 episcopus.
1120 3578 1124 3586 ·

299 3664 408 3746 §326.
433 3664 541 3727 Sexto
558 3682 650 3726 anno
666 3669 802 3726 tantum
819 3661 885 3725 fuit
897 3661 1090 3743 pluviarum
1104 3661 1199 3724 dilu-
1209 3675 1262 3714 A·D·
1275 3675 1331 3712 10⁹³·

248 3763 354 3839 vium,
372 3770 471 3826 tanta
494 3769 681 3844 tempestas
703 3762 875 3837 imbrium,
890 3767 1056 3842 quantum
1079 3759 1194 3823 nullus

249 3863 464 3934 meminerat.
517 3861 618 3937 Mox,
645 3859 830 3924 accedente
859 3861 993 3942 hyeme,
1019 3859 1116 3922 fluvii
1146 3858 1196 3922 ita

248 3968 331 4024 sunt
355 3961 528 4042 congelati
553 3967 593 4023 ut
621 3966 736 4022 essent
766 3960 876 4041 pervii
901 3959 1136 4040 equitantibus
1163 3965 1197 4021 et

281 4165 289 4199 ¹
302 4169 334 4216 In
346 4172 396 4215 tcta
407 4172 581 4235 spargerentur
591 4167 710 4230 ecclesia]
772 4189 782 4218 r
794 4192 929 4254 gemm]
942 4191 975 4240 A·
984 4191 1012 4240 S·
1024 4191 1054 4239 ς.
1063 4191 1098 4240 D·
1114 4192 1143 4240 E·
1154 4191 1200 4250 ω

248 4237 281 4287 Α.
296 4238 329 4286 D.
341 4239 374 4287 E.
387 4239 434 4298 L.;
452 4253 497 4298 per
514 4242 591 4286 totam
609 4252 712 4300 sparge-

249 4313 335 4356 rentur
346 4307 490 4369 ecclesiam,
502 4307 530 4356 S.
546 4309 575 4356 c.
738 4267 865 4324 centenas,
877 4262 905 4311 S.
917 4261 982 4326 (var.
994 4257 1065 4325 lect.)
