3104 4974
491 265 521 299 Γ,

166 473 329 554 maun]
399 487 513 537 onsrn
537 489 665 537 unauna
689 489 905 538 nwouonun.
1056 473 1123 536 415

167 648 278 733 juxta
290 643 458 712 vexillum
478 643 594 708 stabat
614 661 692 706 cum
707 642 884 720 fratribus,
898 649 950 722 ut,
972 644 1009 708 in
1030 665 1123 710 oom-
1137 667 1191 708 no.
1202 670 1258 709 roa.

173 766 279 811 mune
303 743 457 828 periculo
481 749 631 825 aequato,
652 761 753 806 nemo
774 741 924 824 defuga
943 743 1124 824 cogitaret.

175 845 358 911 Vexillum
380 841 467 905 illud
486 848 567 924 post
584 841 767 905 victoriam
791 860 892 924 papae
916 842 1010 906 misit
1035 843 1125 908 Wil-

175 944 313 1021 lelmuS,
339 941 432 1024 quod
455 947 531 1004 erat
554 940 591 1004 in
616 939 763 1003 hominis
790 941 978 1023 pugnantis
1002 940 1126 1024 figura,

177 1062 264 1108 auro
278 1049 315 1106 et
327 1039 500 1123 lapidibus
515 1045 590 1102 arte
606 1045 810 1121 sumptuosa
824 1031 1025 1105 ¹intentum.

229 1141 248 1224 ξ
271 1140 349 1204 242.
381 1138 514 1203 Contra
535 1136 742 1214 Normanni,
767 1145 868 1202 nocte
890 1145 968 1203 tote
991 1136 1126 1202 coufes-

178 1240 269 1304 sioni
289 1245 509 1322 peccatorum
522 1243 701 1313 vacantes,
725 1254 826 1300 mane
846 1236 1029 1301 Dominico
1051 1255 1127 1300 eor·

180 1357 264 1421 pore
293 1335 600 1400 communicarunt.
649 1334 790 1398 Pedites
813 1354 892 1399 oum
919 1337 1068 1399 amubus
1093 1342 1129 1400 et

181 1437 320 1518 sagittis
342 1437 489 1518 primam
513 1433 662 1498 frontem
684 1434 856 1512 muniunt,
879 1434 1013 1516 equites
1036 1440 1129 1498 retro

181 1535 301 1599 divisis
320 1534 385 1597 alis
404 1531 610 1598 consistunt.
662 1531 786 1597 Comes
800 1532 900 1597 vultu
922 1551 1077 1610 serenus,
1093 1539 1130 1596 et

181 1634 276 1697 clara
289 1652 374 1697 voce
397 1651 470 1696 suoe
486 1631 579 1714 parti
602 1637 724 1712 utpote
741 1631 883 1714 justiori
905 1632 1019 1695 Deum
1041 1630 1128 1694 affu-

181 1740 297 1797 turum
310 1731 556 1815 pronuncians
572 1748 669 1793 arma
690 1731 870 1813 poposeit3
893 1749 1044 1814 moxque
1065 1730 1129 1792 mi·

182 1832 368 1895 nistrorum
382 1830 532 1894 tumultu
546 1823 707 1892 ²lorioam
722 1829 894 1894 inversam
909 1829 1063 1906 indutus,
1071 1847 1129 1892 oa-

183 1950 259 1994 sum
284 1928 359 1993 risu
384 1927 548 2005 correxit,
570 1927 780 2005 ‘Vertetur,’
804 1928 976 2011 inquiens,
1009 1928 1130 1992 ‘forti-

185 2028 268 2093 tudo
278 2022 481 2093 ³oomitatus
492 2027 560 2088 mei
576 2026 612 2090 in
628 2028 797 2108 regnum?
830 2027 930 2090 Tunc
943 2020 1131 2091 4cantilena

185 2127 351 2192 Rollandi
379 2125 554 2202 inchoata,
582 2131 623 2188 ut
654 2125 815 2188 martium
840 2125 907 2190 viri
933 2125 1130 2208 exemplum

184 2221 412 2308 ⁵pugnaturos
421 2222 636 2300 accenderet,
645 2223 898 2306 inclamatoque
909 2224 977 2287 Dei
986 2223 1131 2300 auxilio,

186 2325 343 2407 praelium
359 2317 586 2399 ⁶consertum,
596 2322 831 2404 bellatumque
846 2322 982 2400 acriter,
999 2323 1131 2386 neutris

136 2481 138 2491 .
185 2424 221 2486 in
245 2423 389 2486 multam
419 2421 487 2484 diei
511 2420 631 2485 horam
659 2420 870 2485 cedentibus.
928 2420 1008 2499 Quo
1038 2440 1131 2485 com·

187 2529 297 2604 porto,
312 2515 509 2606 Willelmus
521 2517 636 2583 innuit
649 2520 721 2582 suis
743 2527 794 2596 ut,
807 2520 889 2584 licta
901 2519 997 2601 fuga,
1009 2539 1133 2601 campo

187 2640 225 2684 se
240 2619 492 2692 subtraherent.
545 2617 626 2682 Hoc
648 2626 841 2682 commento
857 2617 1051 2700 Anglorum
1072 2638 1132 2682 ou·

99 2767 103 2770 -
188 2734 273 2782 neus
287 2718 434 2795 solutus,
448 2715 549 2810 quasi
561 2716 720 2798 palantes
741 2716 858 2782 hostes
872 2737 894 2780 a
910 2725 1009 2799 tergo
1023 2737 1132 2781 oaesu·

188 2837 260 2894 rua,
287 2818 432 2882 exitium
462 2815 529 2880 sibi
557 2816 767 2895 maturavit3
806 2817 999 2880 Normanni
1030 2817 1133 2893 enim,

189 2917 364 2980 conversis
378 2914 555 2978 ordinibus
569 2915 710 2992 reversi,
722 2914 896 2998 dispersos
909 2917 1133 2990 adoriuntur,

189 3021 225 3078 et
247 3015 283 3078 in
306 3015 425 3096 fugam
455 3019 594 3095 cogunt.
658 3011 716 3077 Ita
736 3014 875 3096 ingenio
899 3015 1135 3090 circumventi,

189 3113 366 3195 pulchram
387 3119 532 3176 mortem
565 3130 628 3193 pro
652 3111 775 3192 patriae
801 3113 933 3177 ultione
960 3131 1133 3176 meruere:

190 3231 253 3276 nec
267 3219 383 3276 tamen
400 3209 523 3274 ultioni
545 3227 618 3272 suae
635 3209 785 3286 defuere,
802 3211 899 3293 quin,
913 3211 1032 3275 crebro
1054 3230 1135 3274 oon·

226 3416 396 3482 ¹latextum.]
422 3421 452 3470 0.
473 3419 508 3468 D.
526 3420 577 3480 E.;
593 3433 651 3468 con·
677 3418 950 3468 aohievementsoltha
966 3420 1076 3469 Paladin
1087 3421 1156 3474 Ro·.

190 3493 296 3550 textum,
306 3487 340 3538 A.
353 3488 382 3538 S.
395 3489 426 3537 L.
677 3487 737 3536 land
754 3487 805 3536 and
823 3488 895 3536 other
912 3501 985 3550 peers
995 3491 1025 3538 oi
1033 3490 1138 3541 charle-

224 3555 235 3584 ¹
252 3557 363 3606 Loricam
385 3557 525 3620 inversum]
549 3556 587 3604 As
609 3557 651 3604 the
677 3572 777 3619 magne,
792 3557 851 3606 who
868 3558 912 3606 fell
929 3562 955 3607 at
972 3560 1137 3613 Ronoevault.

192 3641 292 3675 amour
302 3626 331 3674 of
337 3626 392 3674 that
402 3627 462 3674 time
473 3639 528 3674 was
539 3627 568 3674 of
582 3627 652 3689 mail,
678 3627 754 3676 Rivet
772 3625 900 3693 (Histoire
912 3624 1041 3677 'litteraire
1059 3629 1092 3678 da
1111 3630 1138 3680 la

193 3695 244 3744 this
254 3695 334 3758 might
345 3697 426 3757 easily
436 3695 546 3757 happen.
678 3697 784 3756 Franoa
801 3701 861 3747 tom.
880 3710 926 3747 vn.
946 3713 972 3758 p.
991 3695 1044 3762 72,)
1060 3699 1138 3750 infers

225 3761 406 3828 ³Comitotaa.]
422 3764 456 3814 Α.
470 3765 499 3815 C.
511 3765 547 3814 D.
559 3763 592 3814 E.
604 3763 652 3824 L.;
677 3765 741 3816 from
757 3765 808 3814 this
823 3781 932 3829 passage
948 3767 1138 3829 thatluluague

191 3833 310 3896 ducatus,
338 3833 477 3883 S.-Tira
502 3833 586 3882 words
614 3847 652 3882 co·
679 3833 785 3884 Romae
801 3849 856 3884 was
871 3836 898 3884 in
914 3850 960 3885 use
977 3842 1004 3885 at
1024 3837 1079 3885 that
1095 3853 1140 3899 pe-

192 3903 293 3952 mitutas
304 3903 651 3964 andduoutueappeartobe
676 3904 741 3953 riod.

191 3973 255 4020 used
274 3972 443 4088 ipdflilfferently
461 3972 497 4033 by'
510 3971 554 4020 the
573 3971 652 4022 histo·
713 4005 901 4070 „Pmtum
919 4008 930 4071 ]
948 4005 971 4056 Α
1002 4008 1023 4057 S
1056 4009 1077 4057 c
1104 4009 1130 4056 D

192 4041 286 4090 riunso
335 4042 441 4090 attime.
902 4042 910 4059 ‘
973 4042 981 4058 ⁴
1024 4043 1031 4058 '
1079 4043 1085 4057 ⁸
1131 4045 1138 4058 '

226 4107 237 4140 ⁴
261 4110 390 4159 cantum
414 4107 550 4169 aranea]
583 4110 652 4159 Itis
679 4077 795 4138 EM*
811 4078 1043 4140 Pullawm’ffl·

192 4180 320 4240 supposed
342 4184 368 4227 to
389 4181 420 4228 be
443 4195 459 4228 a
479 4180 591 4229 metrico]
613 4194 652 4228 ro-
713 4175 907 4240 leomarum]
931 4179 960 4228 C.
979 4179 1014 4228 D.
1037 4181 1069 4229 Ε.
1093 4180 1141 4240 L.;
1237 4236 1239 4241 ,

191 4249 514 4312 manoe‚commemorating
520 4249 562 4299 the
567 4249 652 4298 heroic
679 4249 797 4308 utrinque
809 4252 960 4311 consertum,
971 4248 1005 4300 A.
1018 4250 1047 4300 S.
