3152 4970
243 519 381 599 arev]
473 534 587 581 cnara
610 534 737 581 secun
761 531 977 580 succorum.
1127 515 1192 580 681

242 707 332 765 men,
349 687 380 751 si
395 693 490 750 recto
514 695 665 768 aguntur
675 687 822 771 judicio,
842 707 912 751 non
932 687 1009 751 ideo
1034 708 1088 751 me
1110 708 1190 751 cen·

243 786 335 851 sorio
359 793 561 868 expungent
590 787 704 869 stylo;
728 806 795 868 ego
822 788 914 850 enim
938 806 1055 850 veram
1077 788 1189 868 legem

243 893 383 949 secutus
405 885 571 962 historiae,
586 884 672 949 nihil
695 903 846 968 unquam
873 887 974 968 posui
1002 887 1069 948 nisi
1094 887 1187 969 quod

242 1004 265 1048 a
285 983 443 1048 fidelibus
470 985 677 1048 relatoribus
700 986 756 1049 vel
779 985 1003 1066 scriptoribus
1026 985 1187 1048 addidici.

244 1083 367 1160 Porro,¹
391 1102 530 1165 quoquo
555 1083 658 1148 modo
680 1083 755 1147 haec
776 1103 814 1147 se
836 1084 998 1161 habeant,
1024 1085 1188 1166 privatim

243 1182 318 1265 ipse
341 1181 425 1245 mihi
450 1182 515 1246 sub
538 1202 603 1265 ope
620 1182 750 1247 Christi
772 1184 940 1264 gratulor,
964 1183 1055 1264 quod
1078 1184 1188 1246 conti·

244 1301 348 1344 uuam
366 1279 561 1362 Anglorum
576 1281 755 1345 historiam
771 1281 999 1346 ordinaverim
1022 1289 1102 1364 post
1119 1282 1187 1345 Be-

243 1380 323 1443 dam
350 1380 407 1445 vel
430 1379 529 1443 solus
545 1381 600 1443 vel
626 1381 779 1463 primus:
805 1374 851 1443 ¹si
876 1381 955 1462 quis
978 1399 1073 1462 ergo,
1098 1380 1189 1444 sicut

237 1480 312 1563 jam
331 1479 503 1541 susurrari
515 1479 629 1555 audio,
644 1486 724 1560 post
738 1498 793 1542 me
810 1472 1047 1542 scribendi²de
1061 1479 1189 1542 talibus

242 1596 366 1640 munus
384 1576 621 1653 attentaverit,
635 1577 717 1639 mihi
734 1577 858 1641 debeat
879 1576 1093 1641 collectionis
1111 1597 1189 1659 gra·

243 1678 339 1754 tiam,
354 1676 420 1740 sihi
436 1674 563 1740 habeat
579 1675 757 1740 electionis
775 1675 967 1740 materiam.

296 1969 404 2053 §lla
430 1970 519 2034 Haec
535 1972 652 2049 habui,
674 1973 809 2036 domine
826 1973 1033 2037 venerabilis
1053 1972 1190 2049 Comes,
1201 1989 1332 2079 &afflige

138 2143 142 2147 ,
245 2068 288 2131 de
314 2070 423 2149 gestis
445 2068 640 2152 Anglorum
669 2091 748 2154 quae
771 2071 932 2149 dicerem,
964 2074 1008 2136 ah
1038 2071 1190 2136 adventu
1203 2088 1335 2129 macerer

247 2186 364 2230 eorum
386 2169 422 2232 in
445 2167 611 2252 Angliam
636 2190 745 2253 usque
769 2171 806 2234 in
830 2190 957 2235 annum
973 2139 1331 2236 ³vicesimumiirf³¹⁰¹¹⁰⁰⁹

247 2274 408 2332 octavum
430 2268 616 2333 felicissimi
642 2271 741 2352 regni
764 2271 873 2352 patris
898 2271 1027 2336 vestri:
1064 2276 1191 2333 caetera

247 2366 423 2449 proprium
439 2369 658 2452 occupabunt
674 2369 841 2447 libellum,
857 2370 887 2432 si
905 2370 1093 2451 benignum
1112 2369 1190 2432 istis

248 2484 317 2528 non
332 2467 542 2548 negaveritis
557 2469 703 2532 vultum.
756 2467 836 2532 Hoc
854 2476 968 2532 autem
989 2488 1075 2551 opus
1092 2475 1189 2550 post·

247 2583 351 2647 quam
367 2567 513 2643 absolvi,
540 2567 799 2650 circumspectis
823 2567 992 2650 plurimis
1008 2567 1107 2631 vohis
1128 2587 1189 2649 po

247 2664 417 2728 tissimum
442 2665 669 2748 delegandum
688 2666 826 2730 credidi.
880 2667 966 2732 Cum
989 2667 1080 2731 euim
1102 2666 1189 2729 alios

247 2763 438 2842 considero,
455 2765 492 2829 in
506 2786 576 2830 uno
593 2766 820 2842 nobilitatem,
836 2766 872 2829 in
886 2766 997 2830 altero
1020 2765 1189 2840 militiam,

246 2863 282 2925 iu
309 2864 378 2928 isto
398 2865 627 2943 literaturam,
653 2867 689 2928 in
710 2865 771 2930 illo
790 2865 976 2949 justitiam,
1003 2865 1040 2928 iu
1070 2865 1191 2946 paucis

247 2962 517 3028 munificentiam
532 2965 690 3044 inveui03
713 2965 832 3046 itaque
850 2965 884 3027 in
908 2965 985 3028 aliis
1008 2963 1137 3046 aliqua,
1155 2963 1190 3025 in

247 3061 393 3142 singulis
415 3063 564 3144 singula,
587 3064 624 3126 iu
641 3063 740 3127 vobis
759 3063 909 3126 admiror
930 3064 1100 3127 universa
1154 3061 1192 3124 Si

248 3161 326 3242 quis
349 3161 440 3223 enim
464 3180 616 3244 unquam
633 3160 698 3224 fuit
714 3161 852 3237 nobilis:
864 3179 927 3225 vos
942 3161 978 3223 in
996 3179 1038 3224 ea
1054 3179 1091 3222 re
1104 3178 1191 3240 prae·

247 3257 371 3322 cellitis
384 3279 393 3338 3
404 3260 407 3264 ’
417 3260 516 3343 cujus
539 3277 648 3341 genus
662 3279 684 3322 a
699 3259 1026 3340 praecellentissimis
1053 3258 1193 3339 regibus

248 3363 283 3420 et
296 3357 477 3423 comitibus
494 3359 619 3422 lineam
635 3357 753 3435 trahit,
765 3358 899 3421 animus
915 3357 1101 3422 amoribus
1117 3356 1193 3420 imi·

246 3457 413 3520 tationem
437 3456 610 3522 conducit.
663 3457 816 3520 Habetis
839 3476 922 3538 ergo
944 3455 1194 3522 aNormannis
1285 3531 1288 3534 ,

245 3555 396 3620 bellandi
422 3557 594 3641 peritiam,
609 3549 649 3619 ⁴a
676 3556 947 3621 Flandrensibus
975 3555 1194 3620 liniamento·

245 3811 248 3818 ⁴
284 3803 710 3872 ¹Siqun...mteram.]n1r.
770 3804 942 3856 'Vicesimum
955 3801 1086 3872 octavum]
1113 3808 1143 3856 G.
1160 3807 1195 3856 D.

247 3877 343 3938 Sharpe
375 3884 492 3941 suggests
513 3878 567 3927 that
589 3877 710 3926 Malaios·
734 3877 767 3927 E.
781 3877 835 3938 K.;
850 3877 1009 3940 vicesimum,
1019 3875 1053 3926 A.
1065 3875 1094 3925 S.
1107 3875 1161 3925 he.

249 3947 314 4008 bury
338 3948 397 3996 here
421 3947 544 4010 probably
566 3945 665 3996 alludes
684 3951 710 3994 to

250 4016 338 4077 Henry
347 4016 376 4065 ol
384 4016 561 4079 Huntingdon‚
567 4017 626 4065 who
631 4020 710 4064 wrote
770 4011 810 4063 *Α
825 4013 1036 4076 Ὲωπάνοπείὁιω.]
1048 4013 1117 4063 Aa.
1124 4013 1158 4063 D.
1165 4014 1197 4061 E.

249 4100 265 4134 a
278 4086 382 4146 History
395 4086 424 4135 of
433 4087 550 4149 England
568 4086 663 4147 shortly
674 4085 712 4134 as·
737 4084 794 4134 ha.
803 4083 864 4133 -A
874 4087 897 4133 ³.
912 4082 1046 4145 originally
1068 4083 1151 4132 ended
1172 4085 1199 4130 in

249 4156 381 4205 terwards.
738 4153 779 4202 the
791 4154 885 4202 middle
896 4153 925 4201 ol
939 4153 989 4201 this
999 4153 1086 4201 word:
1103 4153 1145 4201 the
1161 4166 1198 4200 re·

288 4222 348 4274 ²De
360 4224 471 4288 talibus]
482 4224 516 4274 A.
530 4223 558 4274 S.
572 4226 602 4274 C.
615 4225 681 4276 ΠΕ
689 4228 713 4274 2.
739 4223 852 4272 mainder
867 4222 913 4271 has
930 4223 993 4270 been
1010 4222 1127 4282 supplied
1138 4222 1172 4282 by
1184 4237 1200 4269 a

252 4294 306 4344 112·
316 4310 323 4355 ;
340 4295 444 4344 omitted
456 4296 482 4342 in
494 4295 517 4342 E
528 4298 550 4343 l.
740 4293 814 4342 much
826 4307 892 4342 more
904 4291 1006 4341 medem
1017 4293 1094 4341 hand.
