3104 4974
352 497 418 562 408
568 513 681 562 casrn
705 513 831 562 arcun
855 513 1070 562 nucnonuu.
1145 497 1231 580 [nm.
1246 515 1300 562 111.

191 683 328 780 afflg-
405 671 511 756 §238
536 671 612 735 Ista
633 692 696 755 pro
712 672 863 736 utilitate
882 671 1069 752 legentium
1090 690 1145 733 me
1168 671 1301 733 inseru-

191 789 320 877 uffishuth
353 791 421 835 rsse
435 790 505 834 non
518 772 650 853 piguit3
672 790 764 834 nunc
778 772 820 834 de
832 770 1007 834 Willelmo
1019 770 1154 852 loquar.
1207 769 1300 832 Nam

193 842 288 977 &gilfil
321 847 438 952 ‘quia
466 871 629 946 breviter,
655 889 718 933 nec
744 876 783 933 ut
811 875 895 951 puto
919 868 1099 945 inutiliter,
1130 887 1185 930 res
1213 868 1301 960 ejus,

271 964 277 975 '
357 987 444 1051 quas
469 967 641 1032 duntaxat
669 989 784 1032 comes
812 970 848 1030 in
877 967 1092 1030 Normannia
1116 969 1218 1030 annis
1240 968 1302 1030 tri·

358 1067 457 1149 ginta
483 1067 857 1149 actitavit‚percurri;
889 1067 991 1130 modo
1014 1065 1109 1129 aliud
1139 1065 1302 1128 narrandi

359 1166 538 1229 exordium
561 1166 645 1229 ordo
674 1173 867 1246 temporum
892 1164 1039 1246 flagitat,
1061 1170 1102 1227 ut
1126 1163 1169 1226 de
1196 1184 1302 1244 regno

359 1265 448 1347 ejus,
462 1271 631 1346 quantum
645 1271 765 1328 nostra
778 1263 967 1328 sciscitatio
982 1271 1163 1345 penetrare
1179 1264 1304 1344 potuit,

360 1363 576 1426 mendacium
589 1364 936 1444 arguam‚veritatem
952 1363 1186 1443 pronunciem.
1224 1362 1304 1425 Rex

362 1462 554 1526 Edwardus
575 1462 648 1525 fato
670 1463 808 1525 functus
830 1461 962 1524 fuerat:
987 1458 1118 1541 Anglia
1134 1460 1239 1523 dubio
1253 1459 1304 1522 fa-

362 1580 444 1623 vore
458 1562 615 1636 nutabat,
631 1561 687 1623 cui
712 1580 750 1623 se
771 1560 897 1624 rectori
918 1559 1147 1623 committeret
1162 1561 1305 1636 incerta,

363 1678 407 1723 an
434 1658 604 1735 Haroldo,
628 1678 674 1722 an
693 1659 881 1735 Willelmo,
907 1677 952 1721 an
978 1658 1138 1739 Edgar03
1171 1665 1308 1720 namet

362 1757 472 1834 illum,
497 1777 560 1839 pro
586 1777 711 1838 genere
739 1758 934 1839 proximum
964 1776 1082 1834 regno,
1109 1757 1308 1838 proceribus

363 1875 427 1919 rex
453 1856 765 1932 commendaverat,
787 1857 895 1919 tacito
917 1855 1048 1918 scilicet
1070 1855 1195 1917 mentis
1214 1855 1308 1938 judi·

340 2010 343 2016 .
364 1955 431 2031 cio,
446 1955 506 2018 sed
520 1975 630 2036 prono
649 1957 686 2018 in
710 1955 925 2019 clementiam
945 1955 1071 2018 animo.
1125 1952 1254 2031 Quare,
1268 1961 1308 2016 ut

364 2053 523 2135 praedixi,
540 2053 650 2135 Angli
663 2053 808 2118 diversis
823 2053 913 2116 votis
930 2053 1138 2129 serebantur,
1152 2042 1309 2133 quamvis

365 2152 480 2233 palam
508 2152 624 2227 cuncti
648 2155 740 2216 bona
762 2151 921 2216 Haroldo
951 2152 1241 2232 imprecarentur:
1275 2157 1311 2213 et

364 2251 423 2314 ille
437 2230 587 2333 quidem,
600 2251 793 2315 diademate
806 2250 1016 2331 fastigiatus,
1033 2250 1117 2312 nihil
1133 2250 1176 2312 de
1198 2250 1313 2331 pactis

365 2351 454 2412 inter
475 2369 512 2412 se
538 2357 573 2412 et
594 2350 806 2414 Willelmum
833 2350 1028 2430 cogitabat3
1066 2348 1248 2412 liberatum
1272 2367 1309 2410 se

365 2461 580 2510 sacramento
607 2467 775 2524 asserenS,
802 2448 894 2530 quod
919 2447 991 2511 lilia
1019 2448 1094 2531 ejus
1121 2466 1225 2530 quam
1251 2447 1310 2509 de·

366 2546 553 2628 sponderat
581 2547 668 2608 citra
695 2547 829 2609 nubiles
852 2566 961 2610 annos
989 2548 1132 2612 obierat.
1187 2547 1311 2609 Fertur

366 2645 457 2707 enim
472 2645 525 2708 vir
539 2645 609 2720 ille,
632 2665 700 2708 non
724 2647 842 2726 paucis
855 2646 1041 2709 virtutibus
1058 2645 1234 2728 praeditus,
1251 2664 1312 2726 pa·

367 2763 443 2806 rum
473 2744 639 2807 adversus
665 2745 843 2825 perfidiam
873 2745 939 2808 sibi
975 2745 1188 2808 consuluisse
1216 2745 1313 2806 dum-

368 2842 469 2906 modo
493 2848 611 2923 posset
639 2845 898 2924 quibuscunque
922 2844 1108 2925 praestigiis
1138 2843 1312 2906 hominurn

367 2941 648 3004 ratiocinationes
673 2943 903 3024 suspendere:
928 2950 1107 3022 praeterea,
1125 2942 1184 3023 qui
1210 2949 1312 3022 puta·

368 3047 421 3104 ret
445 3040 555 3103 minas
569 3039 736 3103 Willelmi
757 3060 935 3124 nunquam
954 3041 997 3103 ad
1021 3040 1148 3104 sactum
1171 3047 1311 3120 eruptu-

367 3157 437 3214 ras,
453 3139 545 3222 quod
561 3138 620 3201 ille
637 3143 925 3203 conterminorum
942 3139 1067 3218 ducum
1084 3139 1182 3202 bellis
1200 3139 1313 3219 impli-

368 3245 516 3314 caretur,
531 3246 641 3302 totum
664 3240 815 3302 animum
830 3238 901 3302 otio
916 3258 993 3301 cum
1015 3238 1179 3321 subjectis
1200 3237 1313 3300 indul-

367 3343 480 3414 serat;
505 3356 585 3400 nam
602 3337 767 3418 profecto,
784 3339 850 3400 nisi
864 3337 955 3419 quod
977 3335 1183 3400 Noricorum
1198 3355 1313 3417 regem

368 3435 557 3499 adventare
584 3435 715 3512 didicit,
742 3455 805 3498 nec
843 3437 986 3498 militem
1024 3454 1215 3500 convocare
1251 3454 1313 3498 nec

369 3533 477 3596 aciem
504 3533 650 3614 dirigere
679 3534 843 3616 dignatus
873 3534 1006 3597 fuisset.
1059 3533 1160 3598 Alter
1182 3535 1314 3596 interea

368 3631 465 3695 illum
493 3652 556 3714 per
583 3633 727 3696 nuncios
758 3633 881 3696 leniter
916 3633 1110 3710 convenire,
1140 3633 1183 3694 de
1212 3640 1313 3714 rupto

367 3730 497 3794 foedere
510 3732 743 3812 expostulare,
757 3732 915 3814 precibus
933 3733 1043 3795 minas
1065 3733 1201 3794 insuere
1216 3753 1224 3810 ;
1248 3732 1313 3794 sci-

367 3836 420 3891 ret
442 3849 480 3892 se
506 3837 586 3892 ante
609 3849 737 3892 annum
761 3850 936 3894 emensum
959 3831 1049 3894 ferro
1069 3831 1221 3894 debiturn
1238 3831 1314 3893 vin-

368 3928 572 4004 dicaturum,
595 3928 678 3991 illuc
703 3929 833 3992 iturum
862 3950 930 4012 quo
965 3929 1143 3992 Haroldus
1170 3931 1314 3992 tutiores

367 4045 404 4088 se
421 4027 526 4108 pedes
544 4027 669 4090 habere
682 4035 832 4109 putaret.
887 4028 1028 4104 Contra,
1043 4029 1114 4104 ille,
1131 4022 1226 4110 ¹quae
1241 4028 1314 4090 dixi

626 4257 632 4285 ¹
648 4261 709 4315 Quoe
720 4253 799 4326 ciat]
811 4259 859 4308 See
871 4258 884 4320 ς
896 4262 953 4320 228,
964 4273 990 4318 p.
1004 4261 1060 4306 384.
1162 4309 1165 4314 ,
