3148 4982
237 505 308 551 nm.
328 489 393 569 1v.]
468 503 581 551 onsrn
605 504 732 551 annun
756 503 970 553 nuononnu.
1125 489 1190 554 527

505 677 626 724 SERMO
651 677 790 724 URBANl
817 677 929 724 PAPAE.

294 785 311 868 ᾗ
334 784 410 848 347.
435 783 598 860 ‘Multa'
613 781 775 870 (inquit,)
799 777 962 847 ‘¹fratres
988 783 1191 863 charissimi,
1205 808 1355 858 rosensem

241 887 295 948 his
310 885 430 947 diebus
444 866 542 947 uobis
560 884 654 948 dicta
671 883 843 962 recolitis3
868 883 1026 964 quaedam
1049 883 1085 946 in
1109 903 1192 948 con·
1205 861 1287 910 ’Μὴ

241 985 320 1048 cilio
335 992 454 1047 nostro
470 983 582 1066 jussa,
598 983 758 1065 quaedam
774 983 932 1046 inhibita.
972 982 1192 1046 Inconditum

242 1093 277 1147 et
310 1082 492 1147 confusum
521 1083 689 1146 scelerum
726 1082 831 1145 cbaos
867 1083 1032 1163 exigebat
1062 1083 1193 1146 dierum

243 1183 429 1247 multorum
447 1183 671 1245 interstitium
684 1203 693 1260 3
719 1189 883 1246 veternus
898 1183 1039 1245 morbus
1055 1182 1194 1247 volebat

244 1283 446 1347 cauterium.
482 1282 575 1344 Dum
590 1283 680 1344 enim
693 1281 887 1361 indulgenti
902 1282 983 1345 fune
1001 1282 1193 1346 clementiae

243 1383 447 1445 dimittimus
463 1380 602 1458 lineam,
613 1381 723 1444 multa
739 1381 841 1444 modo
856 1381 1073 1463 apostolatus
1084 1382 1194 1444 nostri

244 1481 386 1545 offendit
418 1478 565 1544 officium
600 1500 677 1562 quae
706 1479 920 1563 praecideret,
943 1481 1039 1543 nulla
1069 1481 1194 1562 quibus

244 1587 413 1663 parceret.
466 1579 534 1643 Sed
559 1580 663 1643 fuerit
687 1579 853 1643 hactenus
876 1579 1037 1642 humanae
1061 1580 1193 1661 fragili·

244 1681 326 1744 tatis
352 1679 444 1761 quod
476 1681 668 1761 peccastis3
686 1679 806 1762 ‘qu0d,
832 1679 1070 1750 illecebrarum
1094 1679 1193 1742 invo-

244 1779 350 1842 lucris
381 1779 498 1860 sopiti,
529 1780 707 1842 coelestem
738 1779 972 1860 exasperastis
1000 1779 1193 1842 misericor-

247 1879 353 1954 diam,
399 1896 602 1959 suspensam
646 1877 925 1960 parvipendendo
966 1878 1193 1942 iracundiam.

246 1978 368 2041 Fuerit
388 1977 571 2040 mundanae
595 1977 806 2040 temulentiae
821 1977 925 2058 quod,
947 1977 1103 2059 legitima
1126 1997 1194 2041 non

240 2083 411 2160 ‘curantes
425 2077 656 2153 matrimonia,
672 2077 776 2139 alieni
793 2077 916 2139 cubilis
933 2096 1002 2139 non
1022 2077 1194 2157 pensastis

239 2167 422 2259 ¹njuriam.
475 2176 596 2239 Fuerit
618 2175 796 2239 aviditatis
818 2175 932 2238 nimiae
956 2175 1047 2257 quod
1070 2175 1194 2238 fratres

240 2272 394 2351 Vestros,
416 2275 477 2338 illo
500 2295 626 2356 magno
649 2281 684 2338 et
708 2274 827 2338 eodem
853 2274 965 2355 pretio
988 2281 1134 2356 emptos,
1156 2281 1196 2337 ut

246 2375 395 2456 quisque
417 2382 555 2456 poterat
571 2374 812 2456 illaqueantes,
828 2373 1076 2437 contumeliose
1090 2392 1195 2455 pecu·

244 2475 313 2536 niis
335 2474 552 2537 emunxistis.
606 2473 711 2536 Nunc
734 2474 844 2549 vobis,
869 2473 959 2535 inter
982 2472 1050 2535 ista
1072 2491 1194 2554 pecca-

216 2617 217 2620 ,
243 2579 359 2636 torum
381 2573 565 2654 naufragia
587 2573 797 2650 constitutis
817 2579 939 2654 portus
954 2571 1101 2653 placidae
1118 2572 1194 2654 qui·

243 2673 310 2736 etis
341 2674 507 2754 aperitur,
531 2673 598 2735 nisi
625 2673 816 2753 negligitis.
869 2671 976 2734 Parvi
1006 2672 1135 2735 laboris
1158 2673 1193 2734 in

242 2771 378 2836 'Furnos
395 2772 598 2853 compendio
613 2772 823 2835 retribuetur
840 2771 934 2834 vobis
948 2777 1123 2852 perpetuae
1139 2790 1193 2833 sa-

245 2869 329 2934 lutis
354 2872 472 2935 statio.
526 2871 735 2952 Comparate
763 2890 855 2933 nunc
885 2871 1021 2934 labores
1048 2889 1136 2952 quos
1158 2871 1195 2932 in

247 2970 414 3050 scelernm
426 2971 592 3034 exercitio
606 2969 788 3046 habuistis
801 2978 837 3034 et
850 2988 1008 3050 eosquos
1023 2970 1059 3031 in
1073 2970 1196 3032 itinere

247 3069 338 3150 quod
365 3069 529 3151 praecipio
551 3069 702 3133 habituri
728 3071 823 3133 estis,
877 3068 1001 3131 Plures
1016 3069 1072 3131 vel
1097 3068 1194 3130 adul-

249 3169 326 3231 terii
353 3169 408 3232 vel
431 3168 605 3232 homicidii
631 3169 811 3231 meditatio
841 3167 903 3230 dat
924 3168 1065 3230 timores
1093 3165 1196 3252 (nibil

248 3269 339 3329 enim
357 3269 511 3331 timidius
526 3269 692 3349 nequitia,
715 3275 754 3330 ut
771 3267 822 3330 ait
836 3259 1050 3349 ²Salomon),
1069 3265 1196 3329 multos
1234 3275 1241 3285 “

240 3365 403 3446 labores,
433 3367 514 3449 quid
548 3367 639 3429 enim
667 3366 874 3430 laboriosius
907 3365 1103 3448 injustitia?
1137 3366 1197 3447 qui

248 3472 363 3528 autem
387 3467 542 3529 ambulat
564 3467 777 3547 simpliciter,
800 3465 955 3528 ambulat
976 3464 1196 3528 confidenter.

244 3564 386 3627 ‚Horum
416 3565 585 3641 laborum,
616 3565 738 3628 borum
768 3563 942 3640 timorum,
973 3564 1089 3634 exitus
1123 3569 1198 3626 erat

246 3672 451 3746 -peccatum3
475 3664 685 3746 stipendium
702 3672 816 3728 autem
834 3663 968 3745 peccati
985 3682 1089 3739 morS,
1106 3680 1198 3726 mors

252 3776 331 3828 v‘ero
345 3771 566 3846 peccatorum
581 3763 740 3846 pessima.
794 3761 898 3826 Nunc
915 3781 937 3824 a
953 3763 1052 3826 vobis
1068 3781 1132 3844 par
1146 3762 1198 3825 la-

250 3864 313 3926 bor
333 3870 438 3946 atque
464 3871 577 3927 metus
600 3864 711 3945 pretio
736 3863 876 3926 meliore
892 3868 1069 3944 petuntur.
1122 3861 1199 3925 Ho-

250 3982 325 4026 rum
352 3963 511 4055 laborum
536 3959 602 4026 erit
628 3981 735 4025 causa
762 3961 926 4037 charitas,
943 3967 1004 4038 ut,
1024 3967 1199 4042 praecepto

285 4205 292 4239 ¹
312 4210 436 4273 Fratres]
461 4209 496 4261 A.
517 4211 545 4264 S.
563 4213 592 4260 0.
613 4211 647 4260 D.
666 4212 715 4272 L.;
775 4207 931 4271 mauman]
950 4209 978 4258 S.
988 4209 1022 4259 D.
1035 4211 1066 4259 Ε.
1076 4205 1086 4270 ;'
1100 4225 1145 4270 per
1156 4210 1202 4260 Sa·

251 4280 391 4330 omittedin
403 4282 436 4331 Ε.
740 4282 860 4328 lamonem
873 4279 1006 4342 sapientia,
1017 4280 1049 4329 L.
