3140 4974
212 467 282 514 niu.
301 451 367 530 1v.]
444 467 558 515 unsri
582 469 709 517 nucum
733 441 947 520 Anouonuu.
1099 459 1165 523 579

216 626 466 708 chiepiscopus,
481 628 541 707 qui
564 627 704 709 navigio
722 627 841 691 multis
864 627 930 692 sibi
953 627 1094 692 sociatis
1117 629 1164 690 ci·
1177 646 1273 708 urrann

8 773 10 782 .
114 763 117 766 -
215 726 315 789 vibus
341 725 543 788 Laodiciam
568 727 804 808 applicuerat3
840 733 875 790 et
903 733 1073 808 praeterca
1095 725 1163 790 duo
1177 697 1326 786 idithim

216 824 276 887 alii
291 816 456 906 episcopi.
493 824 550 888 Ita
561 825 694 908 junctis
709 827 904 907 agminibus
918 826 1165 906 computaban-

216 929 284 999 tur,
300 923 530 986 aestimatione
541 925 680 1000 librata,
692 943 767 989 esse
781 926 906 1006 viginti
920 926 1072 1007 quinque
1088 923 1164 986 mil-

218 1021 286 1085 lia:
310 1041 457 1104 quorum
479 1023 592 1098 multi,
607 1029 717 1086 terras
740 1023 989 1087 Saracenorum
1006 1023 1166 1102 ingressi,

218 1139 280 1201 pro
298 1121 467 1184 charitate
482 1121 694 1185 mercimonii
708 1121 798 1186 fame
814 1123 967 1186 conclusi
980 1142 989 1202 ;
1004 1121 1105 1185 multi
1120 1141 1164 1184 ex

219 1219 392 1301 equitibus
417 1219 454 1281 in
481 1220 614 1301 pedites
640 1222 777 1297 mutati,
800 1221 897 1302 equis
923 1221 1038 1284 inedia
1051 1220 1165 1282 inter-

220 1318 338 1400 ceptis.
399 1315 599 1382 Accedebat
622 1319 768 1383 miseriis
793 1319 953 1382 imbrium
978 1318 1166 1394 affluentia,

221 1416 312 1499 quod
328 1416 364 1479 in
379 1415 447 1478 illis
464 1417 565 1480 terris
582 1417 682 1498 quasi
697 1418 868 1500 praecipiti
878 1425 1030 1481 torrente
1047 1417 1166 1498 pluvia

220 1514 380 1598 hybernis
392 1515 564 1579 duntaxat
573 1516 747 1580 mensibus
761 1516 924 1595 inundet;
938 1517 1056 1598 itaque
1067 1509 1165 1596 ¹pau-

219 1633 330 1695 peres,
356 1622 514 1678 carentes
542 1614 749 1692 mutatoriis
779 1615 895 1696 algido
924 1615 1038 1696 rigore
1064 1615 1165 1676 mori-

220 1714 378 1790 ebantur,
401 1713 661 1795 quampluribus
677 1714 798 1778 diebus
821 1713 907 1776 nulli
928 1721 1021 1777 tecto
1046 1731 1164 1776 succc-

221 1811 353 1875 deutes
410 1812 457 1875 Et
488 1812 590 1895 hujus
622 1813 759 1894 quidem
793 1812 1002 1876 calamitatis
1031 1812 1164 1875 nullum

221 1917 295 1974 erat
310 1911 508 1986 remedium,
524 1911 615 1991 quod
640 1919 675 1974 et
698 1911 847 1975 tentoria
871 1919 907 1974 et
927 1911 1024 1991 ligna
1040 1909 1164 1973 defice·

220 2016 309 2072 rent.
361 2006 411 2072 At
430 2028 512 2072 vero
533 2008 659 2072 famem
685 2009 839 2073 nonnihil
864 2010 1040 2089 levabant,
1061 2028 1164 2072 arun-

219 2107 315 2170 dines
343 2106 492 2172 mellitas
515 2108 677 2171 continue
707 2108 866 2171 dentibus
891 2114 1054 2182 terentes,
1078 2125 1165 2188 quas

219 2199 477 2282 ²cannamellaS,
488 2206 626 2269 nomine
638 2207 829 2286 composito
838 2223 1000 2268 excanna
1009 2212 1044 2268 et
1052 2205 1164 2280 mello,

221 2312 360 2368 vocant.
412 2298 547 2368 Sic³bis
565 2305 704 2368 omnino
720 2323 741 2366 a
755 2304 981 2386 Tripolitanis
996 2310 1031 2367 et
1046 2301 1164 2366 Caesa-

222 2404 391 2467 riensibus
408 2396 594 2466 4immenso
609 2421 678 2466 aere
692 2403 886 2465 necessaria
905 2403 1011 2479 nacti,
1028 2400 1164 2472 leroso-

220 2501 347 2584 lymam
373 2521 498 2565 venere
523 2501 664 2565 solstitii
691 2501 856 2565 brumalis
886 2501 952 2564 die.
1005 2500 1166 2564 Occurrit

136 2669 140 2675 ,
219 2601 288 2664 illis
304 2600 482 2682 adportas
503 2621 566 2664 rex
583 2598 792 2663 Godefridus
815 2620 894 2663 cum
915 2598 1022 2663 fratre
1038 2599 1165 2662 Eusta-

221 2699 309 2776 chio,
323 2718 424 2781 quem
449 2699 492 2762 ad
512 2700 577 2762 hoc
600 2706 736 2780 tempus
751 2699 958 2776 detinuerat,
972 2697 1058 2762 nihil
1079 2698 1164 2762 libc-

220 2797 368 2861 ralitatis
393 2805 428 2862 ct
442 2792 582 2879 ⁵gratiae
607 2798 781 2861 incorum
806 2799 969 2862 omittens
987 2797 1162 2878 obsequio.

222 2896 292 2973 Illi,
307 2897 457 2977 peractis
472 2897 509 2960 in
526 2895 706 2960 Bethleem
721 2916 765 2960 ex
780 2916 875 2960 more
886 2896 1079 2960 Dominicae
1090 2895 1165 2958 Na-

220 2994 367 3059 tiuitatis
384 2995 595 3070 solennibus,
611 2994 817 3059 Daibertum
830 2994 1063 3076 patriarcham
1081 3014 1164 3057 con-

221 3095 375 3157 stituere.
426 3087 489 3156 ⁶In
502 3112 571 3174 quo
587 3093 680 3156 facto
696 3093 831 3156 Urbani
842 3112 943 3174 papae
960 3111 1164 3156 consensum

220 3193 411 3273 obligatum
427 3210 496 3253 non
512 3191 651 3270 ambigo
664 3210 673 3268 3
697 3190 789 3271 quod
805 3191 940 3253 essetis
956 3196 990 3253 et
1004 3208 1164 3253 reveren·

219 3290 285 3352 dus
300 3290 407 3365 senio,
423 3295 459 3354 et
471 3295 596 3369 potens
611 3288 762 3369 eloquio,
779 3295 814 3350 ct
828 3287 961 3369 pollens
976 3287 1165 3369 marsupio.

254 3617 422 3690 ¹Pcuperes.]
446 3623 474 3672 S.
495 3623 530 3672 D.
550 3623 582 3671 E.
589 3636 598 3683 ;
617 3636 682 3682 pau·
743 3613 911 3686 ⁴Immenso.]
938 3619 967 3668 S.
986 3619 1021 3667 D.
1042 3617 1073 3664 E.
1081 3630 1089 3676 3
1113 3615 1167 3662 inii·

220 3693 340 3754 puriores,
350 3693 384 3740 L.
706 3690 767 3751 nito,
778 3689 809 3737 L.

254 3757 265 3789 ²
289 3761 487 3822 Carauantium]
514 3759 568 3807 The
594 3773 682 3818 sugar·
1272 3803 1278 3822 1

125 3829 135 3839 “
221 3843 292 3878 canc.
317 3827 682 3877 Fornnaccountofthecul·
741 3819 886 3892 matra]
908 3826 937 3873 C.
956 3823 990 3872 D.
1008 3822 1040 3871 Ε.
1048 3835 1057 3882 ;
1075 3821 1168 3881 gratia·

219 3899 325 3946 tivatiou
335 3899 386 3946 and
397 3898 497 3946 ancient
508 3897 682 3946 manufactum
705 3909 771 3955 rum,
783 3892 816 3943 A.
829 3894 858 3944 S.
870 3894 901 3943 1..

221 3967 683 4028 oftheZucra,secAlbertusAquen-

221 4037 265 4097 sis,
277 4050 319 4096 ap.
331 4035 412 4086 Gesta
422 4037 483 4097 Dei,
494 4052 520 4097 p.
532 4039 590 4084 270.
742 4029 753 4061 ⁶
776 4032 807 4078 In
828 4045 874 4092 quo
889 4029 958 4089 sacto
984 4026 1079 4075 Urbani
1098 4039 1169 4087 popoe

256 4102 349 4168 lBia]
367 4107 400 4155 Ε.
419 4106 466 4165 1..;
487 4105 538 4167 his,
556 4107 610 4153 cl.
630 4103 682 4162 D.;
707 4100 1038 4161 cmwenoumobligatamnou
1049 4087 1168 4160 ambiga]
1201 4155 1205 4160 Ι

221 4173 267 4237 hii,
280 4173 311 4224 A.
324 4174 353 4241 S.
367 4176 419 4223 02.
708 4172 755 4219 Sec
768 4174 824 4219 note
836 4166 855 4231 ²,
866 4185 892 4230 p.
904 4172 961 4216 569.
