3152 4970
196 497 265 548 uro.
283 484 334 564 v.]
424 497 538 546 essm
561 498 689 547 ruouu
713 499 929 549 succorum.
1081 484 1146 549 641

197 663 251 721 ter
262 657 480 736 continebat3
496 655 589 719 fures
604 662 639 719 et
655 655 814 720 falsarios
831 656 980 720 latentes
992 655 1147 720 maxima

198 756 379 838 diligentia
396 764 631 840 perscrutans,
647 755 808 820 inventos
823 756 992 837 puniens3
1019 773 1146 838 parva-

149 879 153 900 ¹
198 877 274 920 rum
292 876 430 939 quoque
452 874 566 919 rerum
586 875 655 919 non
672 856 862 936 negligens.
916 848 1022 918 ¹(lnm
1047 874 1147 917 num-

199 974 274 1019 mos
287 955 429 1032 fractos,
439 955 522 1019 licet
535 955 616 1018 boni
631 955 780 1036 argenti,
794 973 816 1017 a
826 955 1063 1018 venditoribus
1078 973 1148 1018 uon

200 1054 305 1136 recipi
330 1054 495 1130 audisset,
513 1073 631 1118 omnes
644 1054 700 1118 vel
726 1053 841 1135 frangi
856 1054 913 1118 vel
934 1053 1040 1118 incidi
1057 1072 1148 1135 prae-

200 1154 302 1236 cepit.
372 1153 608 1217 Mercatorum
636 1153 759 1216 falsam
786 1152 905 1216 ulnam
936 1153 1146 1234 castigavit3

200 1252 332 1316 brachii
357 1253 411 1316 sui
443 1271 606 1316 mensura
635 1251 802 1329 adhibita,
829 1252 1057 1335 omnibusque
1087 1271 1150 1334 per

202 1349 368 1433 Angliam
384 1351 573 1435 proposita.
619 1344 937 1440 ²Curialibns'suis,
952 1353 1149 1434 ubicunque

201 1451 362 1515 villarum
390 1459 493 1528 esset,
524 1457 693 1534 quantum
718 1470 740 1515 a
761 1451 900 1514 rusticis
922 1451 1032 1532 gratis
1059 1450 1149 1513 acci·

202 1570 295 1633 pere,
309 1557 477 1633 quantum
495 1558 531 1614 et
546 1556 653 1633 quoto
673 1550 785 1633 pretio
808 1569 920 1613 emere
938 1549 1149 1626 debuissent,

203 1650 344 1730 edixit;
382 1656 655 1732 transgressores
694 1648 750 1713 vel
788 1649 888 1729 gravi
925 1648 1150 1730 pecuniarum

202 1750 344 1827 mulcta,
359 1750 416 1814 vel
437 1749 519 1814 vitae
540 1746 732 1830 dispendio,
756 1746 920 1812 afficiens.
973 1746 1150 1830 Principio

204 1849 314 1930 regni,
333 1855 372 1912 ut
387 1856 518 1912 terrore
533 1847 683 1929 exempli
707 1866 784 1911 reos
804 1847 968 1923 inureret,
984 1846 1029 1910 ad
1044 1866 1151 1910 mem·

203 1949 343 2012 brorum
369 1947 679 2022 detruncationem,
706 1952 786 2027 post
809 1945 852 2009 ad
875 1946 1031 2028 pecuniae
1056 1945 1151 2009 solu·

205 2047 332 2111 tionem
351 2047 537 2128 proclivior
550 2065 559 2125 ;
585 2065 648 2127 pro
665 2063 800 2108 morum
814 2043 1010 2126 prudentia,
1025 2053 1066 2107 ut
1080 2044 1152 2108 fere

205 2145 272 2210 fert
298 2153 424 2210 natura
449 2144 659 2221 mortalium,
686 2143 912 2224 optimatibus
934 2143 1152 2220 venerabilis,

205 2245 475 2328 provincialibus
492 2244 650 2307 amabilis
672 2242 875 2307 habebatur.
928 2240 1033 2319 Quod
1046 2242 1076 2304 si
1092 2243 1151 2324 qui

204 2344 387 2428 majorum,
406 2343 517 2428 jurati
544 2342 752 2407 sacramenti
775 2341 1003 2418 immemores,
1029 2340 1153 2405 a'fidei

203 2445 343 2508 tramite
377 2443 625 2519 exorbitarent,
659 2441 837 2518 continuo,
867 2447 902 2504 et
930 2440 1151 2505 consiliorum

205 2542 359 2606 efficacia
381 2549 416 2606 ct
437 2540 595 2605 laborum
614 2540 885 2624 perseverantia,
908 2559 1070 2604 erroneos
1098 2560 1152 2604 re·

205 2643 354 2706 vocabat
363 2642 407 2705 ad
420 2641 568 2734 lineam3
583 2661 646 2724 per
662 2641 885 2724 asperitatem
897 2640 1078 2704 vulnerum
1092 2640 1152 2703 de-

206 2747 394 2805 trectantes
408 2740 575 2804 reducens
586 2741 629 2804 ad
644 2739 829 2805 sanitatem
847 2740 1051 2803 animorum.
1077 2738 1152 2804 Nec

206 2840 307 2905 facile
325 2856 430 2923 quam
443 2841 627 2904 diuturnos
638 2839 781 2905 sudores
798 2839 835 2903 in
852 2839 982 2903 talibus
995 2839 1153 2902 effuderit

207 2959 414 3017 enumerem,
432 2940 513 3003 dum
539 2940 624 3003 nihil
640 2941 772 3021 patitur
786 2939 935 3003 inultum
951 2939 1044 3021 quod
1059 2957 1081 3002 a
1093 2938 1153 3001 de·

205 3038 441 3122 linquentibus
465 3039 685 3103 commissum
702 3037 864 3120 dignitati
881 3057 954 3101 suae
971 3058 1040 3101 uon
1062 3043 1154 3100 esset

206 3146 488 3201 consentaneum.
541 3137 744 3217 Pugnatum
769 3142 844 3199 erat
872 3136 1025 3199 maxima
1048 3153 1155 3198 causa

210 3235 440 3311 Normannia,
471 3240 512 3299 ut
537 3240 618 3297 ante
643 3234 731 3309 dixi,
758 3235 795 3295 in
824 3253 894 3316 qua
923 3234 1008 3315 ipse,
1025 3233 1155 3315 pariter

207 3334 326 3398 multis
344 3335 443 3398 annis
453 3333 594 3414 degens,
606 3330 746 3413 Angliae
757 3350 894 3415 quoque
907 3331 1154 3414 prospiciebat;

207 3433 303 3497 nullo
327 3433 476 3497 audente
498 3439 604 3514 eaput
628 3432 760 3514 erigere
776 3430 859 3494 dum
878 3431 937 3495 ille
963 3432 1156 3509 audaciam,

244 3720 252 3753 ¹
266 3723 329 3771 Cum
338 3735 446 3770 nummos
455 3719 568 3781 fructos.
581 3756 588 3772 .
601 3757 608 3772 .
620 3735 669 3770 om·
694 3721 802 3784 quality,
810 3720 860 3770 and
872 3724 899 3770 at
908 3720 951 3770 the
963 3733 1032 3771 same
1040 3721 1100 3770 time
1110 3720 1158 3770 left

97 3788 103 3797 '
205 3808 249 3842 aes
259 3792 435 3853 oelfrongivel
445 3790 522 3840 incidi
530 3791 668 3855 pracepit]
693 3805 726 3840 no
743 3794 843 3853 pretext
852 3790 892 3840 for
907 3791 1021 3853 refusing
1031 3792 1052 3839 it
1062 3805 1094 3839 ou
1111 3806 1156 3839 ac-

206 3863 318 3911 ‘Whilst
336 3861 525 3923 endeavouring
538 3865 564 3910 to
580 3861 670 3910 distin·
694 3866 770 3910 count
780 3860 810 3909 ol
816 3862 849 3909 its
861 3861 937 3922 being
952 3861 1046 3909 broken
1057 3874 1156 3921 money.

208 3931 284 3995 guish
307 3929 372 3992 good
394 3931 451 3978 coin
469 3929 532 3979 from
554 3935 669 3980 counter·
694 3932 727 3980 V.
746 3931 892 3990 Edmerum,
916 3931 986 3980 Hist.
1010 3930 1107 3980 Novor.
1129 3943 1157 3991 p.

206 4001 274 4063 feits,
290 4000 334 4048 the
352 4001 429 4048 silvei·
444 4013 529 4060 penny
547 4014 602 4049 was
620 3999 670 4049 fre·
693 3999 745 4051 oc’
760 3995 882 4068 (Sharpe,
893 3995 966 4066 50⁷.)

207 4068 668 4133 quentlybrokeu,andthenrefused.

208 4141 320 4200 Heury's
334 4139 408 4188 order
422 4138 545 4188 therefore
562 4139 618 4188 that
634 4139 669 4188 ull
730 4135 741 4166 ²
760 4138 903 4188 Cerialibus
921 4134 993 4198 suis]
1022 4137 1076 4186 Ll.
1095 4136 1158 4186 ends

208 4210 299 4260 should
320 4209 352 4258 be
374 4209 480 4271 broken,
497 4209 604 4258 enabled
620 4224 671 4270 any
694 4209 814 4270 abruptly
831 4209 894 4257 with
911 4207 982 4257 these
1000 4206 1094 4270 words,
1115 4205 1158 4255 the

209 4294 256 4329 one
267 4278 436 4340 immediately
448 4282 474 4327 to
490 4281 614 4328 ascertain
627 4279 670 4328 the
696 4279 753 4328 MS.
764 4279 840 4342 being
851 4277 983 4328 defective.
