3148 4982
209 507 276 554 um.
291 489 367 572 rm]
432 505 547 554 ensra
569 483 697 555 ancum
721 507 949 558 rseuoauuae
1096 497 1163 562 451·

209 658 350 729 clesiam
364 663 536 740 monachi,
553 670 675 729 sancto
697 665 801 730 altari
817 667 973 732 miserias
990 665 1074 732 s'uas
1090 663 1164 734 ¹in-'

209 766 415 847 gemebant3
439 765 500 828 sed
521 765 792 847 irrumpentibus
817 766 996 845 militibus,
1021 768 1091 832 duo
1115 791 1161 834 ex

209 865 259 928 eis
281 864 467 940 interfecti,
487 864 748 947 quatuordecim
764 867 952 944 vulnerati,
968 869 1086 932 caeteri
1108 890 1162 934 re-

208 965 311 1046 pulsi,
333 984 415 1028 nam
431 971 467 1028 et
481 963 576 1028 furor
593 965 741 1028 militum
759 967 864 1030 etiam
883 967 1087 1031 crucifixum
1101 988 1159 1033 sa-

209 1064 306 1144 gittis
335 1064 512 1128 inhorrere
543 1063 684 1129 fecerat.
737 1064 855 1149 Hujus
880 1085 983 1130 noxae
1016 1069 1160 1133 crimine

207 1163 397 1226 infamatus
413 1161 533 1240 abbas,
548 1169 622 1226 tota
631 1165 707 1228 vita
723 1165 815 1246 regis
833 1165 938 1230 exilio
955 1165 1164 1249 deportatus.

209 1269 284 1342 est;
319 1283 428 1345 eoque
453 1262 629 1339 defuncto,
661 1283 725 1346 pro
758 1264 995 1349 redemptione
1026 1269 1161 1348 peccati

209 1362 436 1428 auxiliaribus
460 1369 688 1428 annumerata
717 1365 876 1446 pecunia,
906 1364 1028 1430 honori
1059 1368 1161 1431 resti-

208 1468 305 1526 tutus
322 1468 387 1526 est.

214 1594 217 1599 ,
261 1562 278 1645 §
293 1561 370 1625 271.
395 1560 658 1625 Miserabiliset
675 1560 819 1624 infanda
840 1562 953 1626 caedes
967 1555 1293 1635 ²Walkeriiaearor

210 1659 453 1724 Dunelmensis
478 1661 644 1743 episcopi,
662 1681 764 1744 quem
782 1659 1069 1726 Nortbanhimbri
1095 1643 1293 1747 po-*ris'riiffif

209 1760 324 1842 pulus,
343 1779 479 1842 semper
503 1760 683 1825 rebellioni
706 1761 856 1837 deditus,
881 1762 1017 1845 abjecto
1040 1782 1158 1827 sacro·
1171 1743 1294 1833 ibiibi.

210 1878 286 1922 rum
300 1860 460 1923 ordinum
471 1867 643 1942 respectu,
654 1860 776 1924 multis
788 1861 984 1943 impetitum
998 1863 1159 1927 convitiis

210 1959 440 2024 trucidarunt.
500 1959 616 2023 Fusus
646 1958 695 2022 ibi
724 1979 795 2024 non
827 1980 960 2042 paucus
996 1981 1160 2026 numerus

211 2056 516 2140 Lotbaringorum,
534 2059 628 2141 quod
654 2060 785 2140 praesul
811 2059 887 2142 ipse
910 2061 1062 2124 nationis
1084 2062 1160 2145 ejus

210 2165 297 2222 erat.
350 2157 467 2223 Causa
495 2158 600 2222 caedis
627 2158 702 2222 baec
735 2158 820 2223 fuit:
857 2166 933 2224 erat
965 2159 1161 2244 episcopus,

209 2264 337 2340 praeter
358 2257 613 2341 pontificatum,
644 2251 781 2325 ³custos
813 2259 921 2322 totius
952 2259 1159 2340 comitatus3

210 2357 482 2440 praefeceratque
497 2358 601 2421 rebus
614 2356 809 2420 forensibus
824 2356 1060 2422 Gislebertum
1077 2379 1161 2442 cog·

211 2464 344 2534 natum,
375 2457 597 2521 interioribus
621 2455 812 2520 Leobinum
841 2457 1015 2536 clericum,
1040 2459 1161 2523 ambos

209 2555 246 2618 in
259 2557 362 2619 rebus
376 2556 569 2621 commissis
585 2561 745 2619 strenuos
759 2556 821 2620 sed
836 2556 1005 2621 effraenes.
1056 2557 1161 2623 Tole-

209 2656 310 2719 rabat
327 2656 509 2738 episcopus
524 2674 643 2719 eorum
658 2655 922 2733 immodestiam,
940 2656 1054 2739 gratia
1072 2664 1160 2722 stre-

209 2755 354 2818 nuitatis
377 2755 562 2832 inductus;
585 2761 633 2830 et,
658 2755 743 2836 quia
770 2774 830 2826 eos
852 2755 1019 2833 elevarat,
1041 2776 1161 2821 enmu-

209 2852 282 2918 lum
298 2854 523 2936 benignitatis
540 2853 703 2935 augebat.
749 2853 916 2936 Indulget
931 2857 1021 2920 enim
1034 2864 1162 2922 natura

209 2953 288 3030 sibi,
316 2953 522 3035 placidoque
546 2951 666 3017 favore
689 2953 763 3015 suis
788 2954 918 3020 arridet
941 2955 1020 3039 ipsa
1042 2973 1162 3020 mune·

209 3053 317 3117 ribus.
368 3052 407 3116 Is
441 3051 615 3116 Leobinus
642 3050 807 3130 Liulsum,
833 3054 1024 3118 beatissimi
1053 3052 1162 3140 Cuth-

210 3153 300 3216 berti
324 3152 532 3228 ministrum,
555 3151 643 3215 adeo
666 3151 831 3216 dilectum
856 3159 896 3216 ut
917 3155 993 3235 ipse
1019 3161 1161 3218 sanctus

209 3270 326 3316 coram
357 3251 521 3334 vigilanti
553 3251 721 3315 assistens
753 3251 884 3333 placita
913 3253 1163 3335 imperaret-

210 3350 313 3428 hunc,
335 3350 489 3434 inquam,
505 3349 660 3414 Liulfum
682 3370 744 3433 per
765 3350 1000 3415 Gislebertum
1017 3353 1162 3417 obtrun-

209 3450 282 3514 cari
308 3449 403 3528 fecit,
432 3451 542 3515 livore
566 3450 657 3514 ictus
680 3450 773 3532 quod
799 3451 976 3532 amplioris
999 3452 1162 3516 amicitiae

209 3549 324 3614 locum
339 3549 433 3632 apud
454 3549 666 3632 pontificem,
683 3568 747 3632 pro
772 3551 984 3615 conscientia
1000 3559 1036 3615 et
1053 3553 1162 3635 eequi-

210 3655 284 3713 tate
320 3648 546 3732 judiciorum,
585 3649 739 3714 haberet.
807 3649 996 3714 Perculsus
1035 3653 1162 3730 nuncio

246 3940 448 4014 Hagmatana]
469 3946 499 3996 C.
511 3945 546 3996 D.
557 3946 609 4007 E.;
627 3959 672 4009 ap·
698 3945 802 4009 bishops
821 3948 851 3996 of
868 3947 985 3997 Durham
1001 3963 1069 3997 were
1090 3950 1162 4010 pala·

209 4014 435 4081 plorabant,A.S.
449 4015 480 4063 L.
698 4017 776 4065 tinate
803 4017 881 4079 lords,
909 4017 959 4066 and
986 4017 1037 4066 had
1065 4019 1091 4065 in
1118 4019 1161 4067 the

244 4084 267 4114 ⁹‘
281 4085 404 4137 Wallrm'f
425 4085 596 4133 Dcrrelmenrr's
623 4084 674 4148 epf-
698 4091 791 4147 county
801 4087 830 4134 ol
843 4087 959 4136 Durham
974 4085 1102 4148 ‘regalem
1118 4103 1164 4148 po-

208 4156 301 4219 mpa]
331 4155 427 4216 Bishop
450 4154 597 4204 Wellrerius
619 4167 674 4203 was
698 4160 814 4204 testatem
832 4157 858 4204 in
874 4135 999 4205 omnibus'
1010 4170 1039 4205 as
1056 4156 1122 4218 fully
1133 4171 1162 4206 as

212 4223 674 4284 murderedontherstolMayroso.
700 4225 742 4273 the
770 4225 833 4287 king
860 4225 911 4274 bad
941 4227 967 4274 in
995 4225 1035 4275 his
1064 4228 1163 4288 palace.

246 4293 257 4326 ³
269 4298 358 4345 Castor
369 4293 446 4342 totius
456 4293 606 4357 scrutatae]
621 4294 675 4343 The
701 4295 801 4358 (Bract.
812 4295 857 4345 lib.
870 4307 912 4346 111.
924 4310 946 4346 c.
958 4300 983 4358 8,
995 4295 1008 4358 ς
1020 4299 1057 4359 d.)
1159 4333 1161 4338 -
