3080 4960
383 507 449 574 748
670 525 843 574 nrsrorux
866 525 1044 574 soranus.
1176 510 1262 591 [mn.
1277 524 1336 572 111.

658 699 706 746 DE
728 699 883 746 OLERlOO
906 697 1065 746 RBOINAE.

437 806 523 890 §42
548 805 688 870 Interea
713 807 866 870 surrexit
893 805 1046 888 quidam,
1068 805 1169 890 cujus
1194 825 1331 884 nomen,

386 905 417 970 si
441 907 528 969 bene
550 905 700 981 memini,
717 904 947 983 Christianus,
969 905 1100 986 reginae
1122 903 1180 991 (ut
1197 903 1330 990 audivi)

386 1005 544 1082 clericus,
567 1004 792 1087 porrexitque
820 1004 977 1068 chartam
1003 1005 1140 1086 legat03
1175 1023 1244 1086 qua
1273 1004 1332 1068 ille

386 1104 451 1167 sub
476 1104 614 1168 silentio
636 1103 739 1180 lecta,
753 1123 839 1167 voce
853 1110 1022 1186 quantum
1044 1103 1159 1186 potuit
1176 1103 1332 1167 exaltata

387 1202 478 1266 dixit
488 1223 557 1267 non
574 1221 649 1266 esse
667 1203 869 1283 legitimam,
880 1195 1007 1285 ¹neque
1024 1201 1164 1266 deberet
1174 1203 1211 1265 in
1222 1209 1333 1279 tanto,

386 1304 647 1384 praesertimque
671 1301 869 1365 sublimium
895 1309 931 1365 et
954 1301 1194 1382 religiosarum
1215 1319 1334 1383 perso-

386 1421 522 1479 narum,
539 1407 712 1465 conventu
737 1399 888 1464 recitari.
941 1399 1075 1464 Praeter
1097 1408 1225 1464 caetera
1241 1401 1332 1463 enim

387 1519 466 1582 quae
492 1500 774 1582 reprehensibilia
804 1506 840 1562 et
869 1499 1036 1564 notabilia
1067 1505 1167 1563 erant
1190 1500 1332 1581 scripta,

387 1606 510 1662 testem
533 1600 730 1680 appositum
750 1599 809 1680 qui
832 1599 1008 1680 praeterito
1025 1617 1129 1677 anno,
1151 1597 1187 1661 in
1214 1599 1332 1662 eodem

387 1717 457 1779 quo
472 1706 555 1761 tunc
568 1698 734 1761 sedebant
747 1697 911 1779 capitulo,
923 1698 1138 1762 venerabiles
1153 1699 1332 1780 episcopos

387 1797 542 1861 maxima
557 1797 741 1861 verborum
755 1795 908 1860 affecerit
922 1797 1140 1860 contumelia.
1193 1797 1251 1861 Ita
1272 1797 1333 1860 illo

388 1896 548 1973 tricante,
570 1895 714 1959 clericus
742 1896 909 1977 legationi
936 1915 1009 1958 suae
1032 1916 1103 1960 non
1129 1896 1248 1973 deluit,
1271 1896 1331 1960 sed

387 1996 556 2076 praeclara
567 1994 694 2058 fiducia
706 1995 825 2058 literas
839 1994 926 2076 legit
940 1995 976 2057 in
988 1995 1176 2072 audientia,
1186 2015 1332 2078 quarum

387 2093 463 2158 baec
488 2101 564 2158 erat
582 2112 738 2156 summa:
761 2093 951 2175 ‘Rogabat
973 2095 1095 2174 regina
1111 2096 1238 2158 obnixe
1260 2114 1332 2158 om·

387 2213 466 2256 nem
490 2194 620 2257 clerum
643 2200 905 2274 congregatum,
935 2201 971 2257 et
1004 2194 1229 2276 nuncupatim
1260 2194 1333 2276 epi·

387 2311 530 2374 scopum
545 2291 735 2356 Wintoniae
749 2291 892 2355 fratrem
906 2293 1035 2356 domini
1052 2293 1118 2372 sui,
1135 2299 1176 2356 ut
1189 2293 1333 2356 eundem

388 2391 564 2455 dominum
589 2409 697 2471 regno
728 2391 961 2469 restituerent,
986 2410 1089 2475 quem
1118 2393 1228 2474 iniqui
1254 2393 1332 2470 viri,

389 2492 449 2572 qui
472 2491 577 2554 etiam
597 2489 754 2553 homines
776 2490 830 2553 sui
855 2498 982 2568 essent,
1004 2491 1040 2553 in
1055 2492 1195 2556 vincula
1216 2491 1333 2576 conje-

388 2589 540 2654 cissent!
592 2588 687 2652 Huic
704 2590 921 2671 suggestioni
937 2590 1055 2654 retulit
1072 2591 1209 2672 legatus
1226 2591 1333 2655 verba

387 2689 424 2750 in
451 2689 594 2750 eandem
622 2689 828 2751 sententiam
860 2708 930 2771 qua
959 2696 993 2753 et
1020 2688 1338 2754 [londoniensibus

389 2783 460 2862 Illi,
475 2786 727 2849 communicato
743 2787 899 2865 consilio,
911 2787 1075 2852 dixerunt
1094 2808 1132 2852 se
1157 2788 1331 2852 decretum

388 2885 524 2948 concilii
554 2885 773 2948 convicaneis
800 2887 873 2950 suis
902 2888 1086 2965 relaturae,
1117 2894 1153 2951 et
1178 2887 1332 2951 favorem

226 3001 363 3042 masuam
388 3003 489 3047 suum
501 2991 670 3066 quantum
681 2991 823 3066 possent
833 3006 925 3068 praes
927 2985 1062 3050 tituroa
1098 2987 1201 3050 Fer1a
1212 2987 1332 3068 qurnta

224 3053 344 3152 Ἢῖἓ.
388 3083 539 3147 solutum
555 3090 608 3147 est
623 3083 818 3160 concilium,
828 3085 1135 3149 excommunicatis
1153 3092 1233 3149 ante
1246 3086 1334 3148 mul-

387 3184 433 3246 tis
449 3185 509 3268 qui
524 3185 697 3264 regiarum
715 3191 815 3247 erant
829 3184 1000 3266 partium
1024 3185 1226 3248 nominatim
1243 3184 1333 3249 Wil-

386 3282 488 3346 lelmo
503 3282 679 3358 Martello,
691 3283 750 3364 qui
764 3285 937 3364 quondam
948 3283 1115 3366 pincerna
1131 3285 1223 3364 regis
1234 3283 1333 3346 Hen-

386 3381 461 3458 rici,
479 3389 561 3445 tunc
579 3381 712 3463 dapifer
735 3381 910 3463 Stephani.
964 3382 1037 3446 Iste
1057 3383 1252 3446 immaniter
1269 3403 1331 3446 ex-

386 3479 602 3544 ulceraverat
616 3479 724 3561 legati
741 3481 906 3560 animum,
920 3482 1039 3545 multis
1061 3483 1164 3545 rebus
1181 3482 1256 3569 ejus
1278 3483 1331 3546 in·

387 3579 549 3660 terceptis
565 3586 600 3642 et
617 3579 801 3660 subreptis.

445 3765 619 3826 QUOMODO
643 3765 878 3814 IMPERATRIX
902 3766 926 3814 A
949 3766 1266 3817 LONDONIENSIBUS

733 3865 897 3913 REOEPTA
920 3865 988 3915 Str.

224 3993 338 4044 empta„
351 3994 375 4033 or
435 3973 675 4060 §salsaque
697 3974 815 4038 multae
838 3973 904 4037 fuit
920 3974 1020 4038 molis
1039 3975 1331 4039 Londoniensium

221 4045 257 4083 the
266 4055 299 4083 em
301 4055 359 4092 presa
433 4075 440 4090 .

219 4095 302 4184 (iffi
302 4095 357 4134 non
382 4093 517 4138 ammos
545 4075 758 4157 permulcere
786 4093 898 4156 posse,
930 4080 981 4150 ut,
1008 4093 1087 4137 oum
1112 4074 1186 4141 baec
1212 4076 1332 4139 statim

622 4262 632 4295 ¹
644 4265 749 4328 Neque]
768 4267 800 4314 Ε.
812 4279 819 4323 ;
834 4279 865 4314 ne
877 4280 945 4327 quae,
958 4265 986 4314 S.
999 4265 1033 4314 D.
1046 4265 1100 4314 Μ.
