<?xml version="1.0" encoding="UTF-8"?>
<!DOCTYPE html PUBLIC "-//W3C//DTD XHTML 1.0 Transitional//EN"
    "http://www.w3.org/TR/xhtml1/DTD/xhtml1-transitional.dtd">
<html xmlns="http://www.w3.org/1999/xhtml" xml:lang="en" lang="en">
 <head>
  <title>
</title>
<meta http-equiv="Content-Type" content="text/html;charset=utf-8" />
  <meta name='ocr-system' content='tesseract 3.04.00' />
  <meta name='ocr-capabilities' content='ocr_page ocr_carea ocr_par ocr_line ocrx_word'/>
</head>
<body>
  <div class='ocr_page' id='page_1' title='image "./willelmimalmesb00hardgoog_0038.png"; bbox 0 0 3104 4974; ppageno 0'>
   <div class='ocr_carea' id='block_1_1' title="bbox 210 633 349 772">
    <p class='ocr_par' dir='ltr' id='par_1_1' title="bbox 210 633 349 772">
     <span class='ocr_line' id='line_1_1' title="bbox 210 633 333 673; baseline -0.033 0"><span class='ocrx_word' id='word_1_1' title='bbox 210 634 266 673; x_wconf 64' lang='lat' dir='ltr'>ml).</span> <span class='ocrx_word' id='word_1_2' title='bbox 276 633 333 672; x_wconf 79' lang='lat' dir='ltr'>loss.</span> 
     </span>
     <span class='ocr_line' id='line_1_2' title="bbox 210 683 316 723; baseline -0.028 0"><span class='ocrx_word' id='word_1_3' title='bbox 210 684 257 723; x_wconf 79' lang='lat' dir='ltr'>‘rhe</span> <span class='ocrx_word' id='word_1_4' title='bbox 267 683 316 722; x_wconf 83' lang='lat' dir='ltr'>Nor-</span> 
     </span>
     <span class='ocr_line' id='line_1_3' title="bbox 211 741 349 772; baseline -0.022 0"><span class='ocrx_word' id='word_1_5' title='bbox 211 743 273 772; x_wconf 80' lang='lat' dir='ltr'>mmr</span> <span class='ocrx_word' id='word_1_6' title='bbox 282 741 349 771; x_wconf 79' lang='lat' dir='ltr'>ewear</span> 
     </span>
    </p>
   </div>
   <div class='ocr_carea' id='block_1_2' title="bbox 209 783 362 832">
    <p class='ocr_par' dir='ltr' id='par_1_2' title="bbox 209 783 362 832">
     <span class='ocr_line' id='line_1_4' title="bbox 209 783 362 832; baseline -0.013 -10"><span class='ocrx_word' id='word_1_7' title='bbox 209 783 362 832; x_wconf 73' lang='lat' dir='ltr'>tetltytolrlm.</span> 
     </span>
    </p>
   </div>
   <div class='ocr_carea' id='block_1_3' title="bbox 218 1535 367 1637">
    <p class='ocr_par' dir='ltr' id='par_1_3' title="bbox 218 1535 367 1637">
     <span class='ocr_line' id='line_1_5' title="bbox 218 1535 344 1586; baseline -0.024 -8"><span class='ocrx_word' id='word_1_8' title='bbox 218 1538 278 1586; x_wconf 78' lang='lat' dir='ltr'>They</span> <span class='ocrx_word' id='word_1_9' title='bbox 286 1535 344 1576; x_wconf 80' lang='lat' dir='ltr'>rebel</span> 
     </span>
     <span class='ocr_line' id='line_1_6' title="bbox 218 1587 367 1637; baseline -0.013 -10"><span class='ocrx_word' id='word_1_10' title='bbox 218 1588 302 1637; x_wconf 62' lang='lat' dir='ltr'>agnina</span> <span class='ocrx_word' id='word_1_11' title='bbox 314 1587 367 1626; x_wconf 83' lang='lat' dir='ltr'>nim.</span> 
     </span>
    </p>
   </div>
   <div class='ocr_carea' id='block_1_4' title="bbox 367 431 1320 549">
    <p class='ocr_par' dir='ltr' id='par_1_4' title="bbox 367 431 1320 549">
     <span class='ocr_line' id='line_1_7' title="bbox 367 431 1320 549; baseline -0.002 -41"><span class='ocrx_word' id='word_1_12' title='bbox 367 443 434 508; x_wconf 78' lang='lat'>392</span> <span class='ocrx_word' id='word_1_13' title='bbox 591 457 704 506; x_wconf 71' lang='lat' dir='ltr'>casm</span> <span class='ocrx_word' id='word_1_14' title='bbox 724 431 858 549; x_wconf 26' lang='lat' dir='ltr'>&#39;nneutu</span> <span class='ocrx_word' id='word_1_15' title='bbox 883 459 1099 510; x_wconf 75' lang='lat' dir='ltr'>suenonuu.</span> <span class='ocrx_word' id='word_1_16' title='bbox 1160 444 1247 525; x_wconf 82' lang='lat' dir='ltr'>[nm.</span> <span class='ocrx_word' id='word_1_17' title='bbox 1266 459 1320 506; x_wconf 90' lang='lat'>111.</span> 
     </span>
    </p>
   </div>
   <div class='ocr_carea' id='block_1_5' title="bbox 372 609 1327 1390">
    <p class='ocr_par' dir='ltr' id='par_1_5' title="bbox 372 609 1327 1390">
     <span class='ocr_line' id='line_1_8' title="bbox 423 609 1321 700; baseline -0.004 -20"><span class='ocrx_word' id='word_1_18' title='bbox 423 615 533 700; x_wconf 69' lang='lat' dir='ltr'>§aaa</span> <span class='ocrx_word' id='word_1_19' title='bbox 557 615 696 682; x_wconf 86' lang='lat' dir='ltr'>Paratis</span> <span class='ocrx_word' id='word_1_20' title='bbox 712 617 967 698; x_wconf 68' lang='lat' dir='ltr'>erguomnibus</span> <span class='ocrx_word' id='word_1_21' title='bbox 985 635 1064 700; x_wconf 87' lang='lat' dir='ltr'>quae</span> <span class='ocrx_word' id='word_1_22' title='bbox 1081 609 1321 696; x_wconf 88' lang='lat' dir='ltr'>¹Ierosolymi-</span> 
     </span>
     <span class='ocr_line' id='line_1_9' title="bbox 372 715 1322 798; baseline -0.005 -18"><span class='ocrx_word' id='word_1_23' title='bbox 372 717 446 780; x_wconf 87' lang='lat' dir='ltr'>tani</span> <span class='ocrx_word' id='word_1_24' title='bbox 472 717 606 779; x_wconf 87' lang='lat' dir='ltr'>itineris</span> <span class='ocrx_word' id='word_1_25' title='bbox 621 717 786 780; x_wconf 82' lang='lat' dir='ltr'>viaticum</span> <span class='ocrx_word' id='word_1_26' title='bbox 810 715 1047 792; x_wconf 84' lang='lat' dir='ltr'><strong>informarent,</strong></span> <span class='ocrx_word' id='word_1_27' title='bbox 1070 715 1162 798; x_wconf 91' lang='lat' dir='ltr'>apud</span> <span class='ocrx_word' id='word_1_28' title='bbox 1179 715 1322 778; x_wconf 89' lang='lat' dir='ltr'>Fiscan-</span> 
     </span>
     <span class='ocr_line' id='line_1_10' title="bbox 374 807 1322 897; baseline -0.004 -18"><span class='ocrx_word' id='word_1_29' title='bbox 374 836 456 879; x_wconf 91' lang='lat' dir='ltr'>num</span> <span class='ocrx_word' id='word_1_30' title='bbox 489 816 673 879; x_wconf 90' lang='lat' dir='ltr'>concilium</span> <span class='ocrx_word' id='word_1_31' title='bbox 702 807 904 897; x_wconf 88' lang='lat' dir='ltr'>proceribus</span> <span class='ocrx_word' id='word_1_32' title='bbox 935 816 1107 879; x_wconf 85' lang='lat' dir='ltr'>indicitur.</span> <span class='ocrx_word' id='word_1_33' title='bbox 1171 813 1238 890; x_wconf 92' lang='lat' dir='ltr'>Ibi,</span> <span class='ocrx_word' id='word_1_34' title='bbox 1263 813 1322 896; x_wconf 92' lang='lat' dir='ltr'>ju-</span> 
     </span>
     <span class='ocr_line' id='line_1_11' title="bbox 374 914 1322 997; baseline -0.005 -19"><span class='ocrx_word' id='word_1_35' title='bbox 374 916 477 979; x_wconf 90' lang='lat' dir='ltr'>bente</span> <span class='ocrx_word' id='word_1_36' title='bbox 496 922 607 997; x_wconf 89' lang='lat' dir='ltr'>patre,</span> <span class='ocrx_word' id='word_1_37' title='bbox 628 915 665 978; x_wconf 92' lang='lat' dir='ltr'>in</span> <span class='ocrx_word' id='word_1_38' title='bbox 690 934 815 978; x_wconf 91' lang='lat' dir='ltr'>nomen</span> <span class='ocrx_word' id='word_1_39' title='bbox 830 922 865 978; x_wconf 90' lang='lat' dir='ltr'>et</span> <span class='ocrx_word' id='word_1_40' title='bbox 883 916 983 978; x_wconf 85' lang='lat' dir='ltr'>iidem</span> <span class='ocrx_word' id='word_1_41' title='bbox 998 915 1167 979; x_wconf 81' lang='lat' dir='ltr'>willelmi</span> <span class='ocrx_word' id='word_1_42' title='bbox 1179 914 1227 977; x_wconf 71' lang='lat' dir='ltr'>,ab</span> <span class='ocrx_word' id='word_1_43' title='bbox 1250 931 1322 976; x_wconf 91' lang='lat' dir='ltr'>om-</span> 
     </span>
     <span class='ocr_line' id='line_1_12' title="bbox 375 1007 1324 1098; baseline -0.006 -20"><span class='ocrx_word' id='word_1_44' title='bbox 375 1015 477 1078; x_wconf 89' lang='lat' dir='ltr'>nibus</span> <span class='ocrx_word' id='word_1_45' title='bbox 499 1015 660 1098; x_wconf 88' lang='lat' dir='ltr'>juratur:</span> <span class='ocrx_word' id='word_1_46' title='bbox 683 1007 920 1079; x_wconf 84' lang='lat' dir='ltr'>²Gislebertus</span> <span class='ocrx_word' id='word_1_47' title='bbox 946 1034 1061 1078; x_wconf 91' lang='lat' dir='ltr'>comes</span> <span class='ocrx_word' id='word_1_48' title='bbox 1086 1021 1182 1077; x_wconf 87' lang='lat' dir='ltr'>tutor</span> <span class='ocrx_word' id='word_1_49' title='bbox 1202 1011 1324 1094; x_wconf 87' lang='lat' dir='ltr'>pupilli</span> 
     </span>
     <span class='ocr_line' id='line_1_13' title="bbox 376 1108 1324 1196; baseline -0.005 -19"><span class='ocrx_word' id='word_1_50' title='bbox 376 1115 622 1192; x_wconf 80' lang='lat' dir='ltr'>constituitur3</span> <span class='ocrx_word' id='word_1_51' title='bbox 639 1114 750 1177; x_wconf 91' lang='lat' dir='ltr'>tutela</span> <span class='ocrx_word' id='word_1_52' title='bbox 762 1115 887 1178; x_wconf 85' lang='lat' dir='ltr'>tutoris</span> <span class='ocrx_word' id='word_1_53' title='bbox 905 1108 991 1196; x_wconf 81' lang='lat' dir='ltr'>³regi</span> <span class='ocrx_word' id='word_1_54' title='bbox 1002 1114 1214 1177; x_wconf 86' lang='lat' dir='ltr'><strong>Francorum</strong></span> <span class='ocrx_word' id='word_1_55' title='bbox 1225 1111 1324 1173; x_wconf 92' lang='lat' dir='ltr'>Hen-</span> 
     </span>
     <span class='ocr_line' id='line_1_14' title="bbox 377 1211 1326 1297; baseline -0.004 -21"><span class='ocrx_word' id='word_1_56' title='bbox 377 1214 449 1277; x_wconf 91' lang='lat' dir='ltr'>rico</span> <span class='ocrx_word' id='word_1_57' title='bbox 473 1214 684 1294; x_wconf 87' lang='lat' dir='ltr'>assignatur.</span> <span class='ocrx_word' id='word_1_58' title='bbox 737 1211 892 1277; x_wconf 88' lang='lat' dir='ltr'>Roberto</span> <span class='ocrx_word' id='word_1_59' title='bbox 924 1222 1075 1297; x_wconf 89' lang='lat' dir='ltr'>coeptam</span> <span class='ocrx_word' id='word_1_60' title='bbox 1100 1213 1193 1276; x_wconf 90' lang='lat' dir='ltr'>viam</span> <span class='ocrx_word' id='word_1_61' title='bbox 1220 1230 1326 1292; x_wconf 86' lang='lat' dir='ltr'>expe-</span> 
     </span>
     <span class='ocr_line' id='line_1_15' title="bbox 378 1311 1327 1390; baseline -0.002 -16"><span class='ocrx_word' id='word_1_62' title='bbox 378 1312 505 1390; x_wconf 88' lang='lat' dir='ltr'>diente,</span> <span class='ocrx_word' id='word_1_63' title='bbox 529 1312 724 1376; x_wconf 88' lang='lat' dir='ltr'>Normanni</span> <span class='ocrx_word' id='word_1_64' title='bbox 752 1332 871 1376; x_wconf 88' lang='lat' dir='ltr'>omnes</span> <span class='ocrx_word' id='word_1_65' title='bbox 892 1314 1066 1377; x_wconf 89' lang='lat' dir='ltr'>communi</span> <span class='ocrx_word' id='word_1_66' title='bbox 1095 1311 1244 1374; x_wconf 90' lang='lat' dir='ltr'>umbone</span> <span class='ocrx_word' id='word_1_67' title='bbox 1265 1329 1327 1390; x_wconf 90' lang='lat' dir='ltr'>pa·</span> 
     </span>
    </p>
   </div>
   <div class='ocr_carea' id='block_1_6' title="bbox 379 1411 1352 1493">
    <p class='ocr_par' dir='ltr' id='par_1_6' title="bbox 379 1411 1352 1493">
     <span class='ocr_line' id='line_1_16' title="bbox 379 1411 1352 1493; baseline -0.005 -18"><span class='ocrx_word' id='word_1_68' title='bbox 379 1411 482 1475; x_wconf 88' lang='lat' dir='ltr'>triam</span> <span class='ocrx_word' id='word_1_69' title='bbox 496 1430 557 1493; x_wconf 89' lang='lat' dir='ltr'>per</span> <span class='ocrx_word' id='word_1_70' title='bbox 570 1431 634 1475; x_wconf 88' lang='lat' dir='ltr'>sua</span> <span class='ocrx_word' id='word_1_71' title='bbox 651 1411 797 1493; x_wconf 89' lang='lat' dir='ltr'>quisque</span> <span class='ocrx_word' id='word_1_72' title='bbox 820 1414 1032 1476; x_wconf 90' lang='lat' dir='ltr'>munimenta</span> <span class='ocrx_word' id='word_1_73' title='bbox 1046 1411 1165 1486; x_wconf 88' lang='lat' dir='ltr'>tutari,</span> <span class='ocrx_word' id='word_1_74' title='bbox 1181 1428 1325 1492; x_wconf 89' lang='lat' dir='ltr'>parvum</span> <span class='ocrx_word' id='word_1_75' title='bbox 1343 1420 1352 1438; x_wconf 90' lang='grc'><strong>’</strong></span> 
     </span>
    </p>
   </div>
   <div class='ocr_carea' id='block_1_7' title="bbox 379 1509 1330 2290">
    <p class='ocr_par' dir='ltr' id='par_1_7' title="bbox 379 1509 1330 2290">
     <span class='ocr_line' id='line_1_17' title="bbox 379 1509 1327 1590; baseline -0.002 -18"><span class='ocrx_word' id='word_1_76' title='bbox 379 1510 500 1574; x_wconf 89' lang='lat' dir='ltr'>herum</span> <span class='ocrx_word' id='word_1_77' title='bbox 518 1530 562 1572; x_wconf 88' lang='lat' dir='ltr'>ex</span> <span class='ocrx_word' id='word_1_78' title='bbox 575 1529 691 1573; x_wconf 90' lang='lat' dir='ltr'>amore</span> <span class='ocrx_word' id='word_1_79' title='bbox 704 1511 872 1574; x_wconf 88' lang='lat' dir='ltr'>venerari.</span> <span class='ocrx_word' id='word_1_80' title='bbox 912 1511 1018 1576; x_wconf 84' lang='lat' dir='ltr'>Stetit</span> <span class='ocrx_word' id='word_1_81' title='bbox 1031 1511 1105 1574; x_wconf 88' lang='lat' dir='ltr'>haec</span> <span class='ocrx_word' id='word_1_82' title='bbox 1118 1509 1203 1572; x_wconf 90' lang='lat' dir='ltr'>fides</span> <span class='ocrx_word' id='word_1_83' title='bbox 1218 1527 1327 1590; x_wconf 91' lang='lat' dir='ltr'>usque</span> 
     </span>
     <span class='ocr_line' id='line_1_18' title="bbox 380 1607 1327 1693; baseline -0.001 -20"><span class='ocrx_word' id='word_1_84' title='bbox 380 1610 425 1673; x_wconf 90' lang='lat' dir='ltr'>ad</span> <span class='ocrx_word' id='word_1_85' title='bbox 440 1608 567 1671; x_wconf 83' lang='lat' dir='ltr'>samam</span> <span class='ocrx_word' id='word_1_86' title='bbox 590 1610 706 1672; x_wconf 90' lang='lat' dir='ltr'>obitus</span> <span class='ocrx_word' id='word_1_87' title='bbox 723 1610 798 1692; x_wconf 87' lang='lat' dir='ltr'>ejus</span> <span class='ocrx_word' id='word_1_88' title='bbox 814 1631 823 1688; x_wconf 90' lang='lat'><strong>;</strong></span> <span class='ocrx_word' id='word_1_89' title='bbox 847 1630 916 1692; x_wconf 91' lang='lat' dir='ltr'>qua</span> <span class='ocrx_word' id='word_1_90' title='bbox 937 1612 1065 1693; x_wconf 91' lang='lat' dir='ltr'>ubique</span> <span class='ocrx_word' id='word_1_91' title='bbox 1088 1608 1242 1692; x_wconf 81' lang='lat' dir='ltr'>gentium</span> <span class='ocrx_word' id='word_1_92' title='bbox 1257 1607 1327 1672; x_wconf 89' lang='lat' dir='ltr'>dis-</span> 
     </span>
     <span class='ocr_line' id='line_1_19' title="bbox 380 1708 1328 1790; baseline -0.004 -18"><span class='ocrx_word' id='word_1_93' title='bbox 380 1709 563 1784; x_wconf 86' lang='lat' dir='ltr'>seminata,</span> <span class='ocrx_word' id='word_1_94' title='bbox 579 1728 657 1771; x_wconf 90' lang='lat' dir='ltr'>cum</span> <span class='ocrx_word' id='word_1_95' title='bbox 672 1708 745 1773; x_wconf 87' lang='lat' dir='ltr'>fato</span> <span class='ocrx_word' id='word_1_96' title='bbox 767 1717 921 1775; x_wconf 86' lang='lat' dir='ltr'>mutatus</span> <span class='ocrx_word' id='word_1_97' title='bbox 944 1730 1059 1774; x_wconf 89' lang='lat' dir='ltr'>amor:</span> <span class='ocrx_word' id='word_1_98' title='bbox 1084 1728 1165 1771; x_wconf 87' lang='lat' dir='ltr'>mox</span> <span class='ocrx_word' id='word_1_99' title='bbox 1183 1708 1328 1790; x_wconf 91' lang='lat' dir='ltr'>quisque</span> 
     </span>
     <span class='ocr_line' id='line_1_20' title="bbox 381 1808 1328 1891; baseline -0.004 -19"><span class='ocrx_word' id='word_1_100' title='bbox 381 1827 446 1872; x_wconf 88' lang='lat' dir='ltr'>sua</span> <span class='ocrx_word' id='word_1_101' title='bbox 462 1808 595 1871; x_wconf 91' lang='lat' dir='ltr'>munire</span> <span class='ocrx_word' id='word_1_102' title='bbox 613 1808 753 1890; x_wconf 89' lang='lat' dir='ltr'>oppida,</span> <span class='ocrx_word' id='word_1_103' title='bbox 770 1817 882 1873; x_wconf 87' lang='lat' dir='ltr'>turres</span> <span class='ocrx_word' id='word_1_104' title='bbox 904 1829 1020 1891; x_wconf 86' lang='lat' dir='ltr'>agere,</span> <span class='ocrx_word' id='word_1_105' title='bbox 1042 1809 1215 1872; x_wconf 87' lang='lat' dir='ltr'>frumenta</span> <span class='ocrx_word' id='word_1_106' title='bbox 1235 1825 1328 1869; x_wconf 90' lang='lat' dir='ltr'>com-</span> 
     </span>
     <span class='ocr_line' id='line_1_21' title="bbox 382 1907 1329 1992; baseline -0.003 -22"><span class='ocrx_word' id='word_1_107' title='bbox 382 1914 533 1990; x_wconf 89' lang='lat' dir='ltr'>portare,</span> <span class='ocrx_word' id='word_1_108' title='bbox 558 1926 682 1970; x_wconf 82' lang='lat' dir='ltr'><strong>causas</strong></span> <span class='ocrx_word' id='word_1_109' title='bbox 702 1910 869 1992; x_wconf 89' lang='lat' dir='ltr'>aucupari</span> <span class='ocrx_word' id='word_1_110' title='bbox 892 1909 1017 1992; x_wconf 89' lang='lat' dir='ltr'>quibus</span> <span class='ocrx_word' id='word_1_111' title='bbox 1033 1907 1285 1991; x_wconf 84' lang='lat' dir='ltr'>quamprimum</span> <span class='ocrx_word' id='word_1_112' title='bbox 1307 1923 1329 1967; x_wconf 82' lang='lat' dir='ltr'>a</span> 
     </span>
     <span class='ocr_line' id='line_1_22' title="bbox 382 2004 1327 2089; baseline -0.003 -20"><span class='ocrx_word' id='word_1_113' title='bbox 382 2006 700 2089; x_wconf 76' lang='lat' dir='ltr'>puero&#39;dissidium</span> <span class='ocrx_word' id='word_1_114' title='bbox 725 2009 985 2072; x_wconf 83' lang='lat' dir='ltr'>meditarentur.</span> <span class='ocrx_word' id='word_1_115' title='bbox 1038 2008 1137 2070; x_wconf 88' lang='lat' dir='ltr'>Inter</span> <span class='ocrx_word' id='word_1_116' title='bbox 1160 2007 1236 2069; x_wconf 89' lang='lat' dir='ltr'>haec</span> <span class='ocrx_word' id='word_1_117' title='bbox 1257 2004 1327 2078; x_wconf 92' lang='lat' dir='ltr'>ille,</span> 
     </span>
     <span class='ocr_line' id='line_1_23' title="bbox 383 2105 1330 2188; baseline -0.004 -19"><span class='ocrx_word' id='word_1_118' title='bbox 383 2105 475 2169; x_wconf 90' lang='lat' dir='ltr'>haud</span> <span class='ocrx_word' id='word_1_119' title='bbox 505 2106 663 2188; x_wconf 83' lang='lat' dir='ltr'>equidem</span> <span class='ocrx_word' id='word_1_120' title='bbox 694 2127 773 2170; x_wconf 88' lang='lat' dir='ltr'>reor</span> <span class='ocrx_word' id='word_1_121' title='bbox 801 2109 876 2171; x_wconf 89' lang='lat' dir='ltr'>sine</span> <span class='ocrx_word' id='word_1_122' title='bbox 900 2108 967 2170; x_wconf 92' lang='lat' dir='ltr'>Dei</span> <span class='ocrx_word' id='word_1_123' title='bbox 999 2107 1132 2171; x_wconf 86' lang='lat' dir='ltr'>auxilio</span> <span class='ocrx_word' id='word_1_124' title='bbox 1161 2105 1221 2188; x_wconf 91' lang='lat' dir='ltr'>qui</span> <span class='ocrx_word' id='word_1_125' title='bbox 1252 2123 1330 2166; x_wconf 91' lang='lat' dir='ltr'>eum</span> 
     </span>
     <span class='ocr_line' id='line_1_24' title="bbox 382 2206 1330 2290; baseline -0.005 -21"><span class='ocrx_word' id='word_1_126' title='bbox 382 2213 482 2270; x_wconf 86' lang='lat' dir='ltr'>tanto</span> <span class='ocrx_word' id='word_1_127' title='bbox 512 2206 785 2290; x_wconf 82' lang='lat' dir='ltr'>principaturum</span> <span class='ocrx_word' id='word_1_128' title='bbox 815 2207 1024 2290; x_wconf 88' lang='lat' dir='ltr'>praeviderat</span> <span class='ocrx_word' id='word_1_129' title='bbox 1049 2206 1205 2287; x_wconf 90' lang='lat' dir='ltr'>imperi0‚</span> <span class='ocrx_word' id='word_1_130' title='bbox 1233 2210 1330 2267; x_wconf 89' lang='lat' dir='ltr'>tutus</span> 
     </span>
    </p>
   </div>
   <div class='ocr_carea' id='block_1_8' title="bbox 280 2304 1331 2399">
    <p class='ocr_par' dir='ltr' id='par_1_8' title="bbox 280 2304 1331 2399">
     <span class='ocr_line' id='line_1_25' title="bbox 280 2304 1331 2399; baseline -0.003 -32"><span class='ocrx_word' id='word_1_131' title='bbox 280 2396 283 2399; x_wconf 21' lang='grc' dir='ltr'>Ι</span> <span class='ocrx_word' id='word_1_132' title='bbox 383 2305 624 2383; x_wconf 82' lang='lat' dir='ltr'>adolescebat;</span> <span class='ocrx_word' id='word_1_133' title='bbox 648 2324 726 2369; x_wconf 91' lang='lat' dir='ltr'>cum</span> <span class='ocrx_word' id='word_1_134' title='bbox 741 2307 835 2369; x_wconf 90' lang='lat' dir='ltr'>solus</span> <span class='ocrx_word' id='word_1_135' title='bbox 853 2325 940 2388; x_wconf 87' lang='lat' dir='ltr'>pene</span> <span class='ocrx_word' id='word_1_136' title='bbox 955 2304 1172 2369; x_wconf 87' lang='lat' dir='ltr'>Gislebertus</span> <span class='ocrx_word' id='word_1_137' title='bbox 1194 2321 1331 2385; x_wconf 88' lang='lat' dir='ltr'>aequum</span> 
     </span>
    </p>
   </div>
   <div class='ocr_carea' id='block_1_9' title="bbox 384 2401 1333 2783">
    <p class='ocr_par' dir='ltr' id='par_1_9' title="bbox 384 2401 1333 2783">
     <span class='ocr_line' id='line_1_26' title="bbox 385 2401 1330 2469; baseline -0.003 -3"><span class='ocrx_word' id='word_1_138' title='bbox 385 2411 420 2467; x_wconf 90' lang='lat' dir='ltr'>et</span> <span class='ocrx_word' id='word_1_139' title='bbox 435 2405 563 2468; x_wconf 91' lang='lat' dir='ltr'>bonum</span> <span class='ocrx_word' id='word_1_140' title='bbox 579 2405 683 2466; x_wconf 89' lang='lat' dir='ltr'>armis</span> <span class='ocrx_word' id='word_1_141' title='bbox 696 2403 920 2469; x_wconf 86' lang='lat' dir='ltr'>defensitaret</span> <span class='ocrx_word' id='word_1_142' title='bbox 936 2406 1019 2469; x_wconf 88' lang='lat' dir='ltr'>suis.</span> <span class='ocrx_word' id='word_1_143' title='bbox 1065 2404 1191 2469; x_wconf 86' lang='lat' dir='ltr'>Caeteri</span> <span class='ocrx_word' id='word_1_144' title='bbox 1208 2401 1330 2466; x_wconf 88' lang='lat' dir='ltr'>studiis</span> 
     </span>
     <span class='ocr_line' id='line_1_27' title="bbox 385 2498 1331 2584; baseline -0.001 -19"><span class='ocrx_word' id='word_1_145' title='bbox 385 2503 535 2584; x_wconf 88' lang='lat' dir='ltr'>partium</span> <span class='ocrx_word' id='word_1_146' title='bbox 553 2505 757 2582; x_wconf 83' lang='lat' dir='ltr'>agebantur.</span> <span class='ocrx_word' id='word_1_147' title='bbox 803 2503 826 2567; x_wconf 87' lang='lat' dir='ltr'><strong>J</strong></span> <span class='ocrx_word' id='word_1_148' title='bbox 829 2523 886 2567; x_wconf 92' lang='lat' dir='ltr'>am</span> <span class='ocrx_word' id='word_1_149' title='bbox 901 2524 984 2569; x_wconf 86' lang='lat' dir='ltr'>vero</span> <span class='ocrx_word' id='word_1_150' title='bbox 1001 2498 1199 2568; x_wconf 83' lang='lat' dir='ltr'>⁴interfecto</span> <span class='ocrx_word' id='word_1_151' title='bbox 1216 2500 1331 2565; x_wconf 87' lang='lat' dir='ltr'>Gisle-</span> 
     </span>
     <span class='ocr_line' id='line_1_28' title="bbox 384 2601 1333 2686; baseline -0.002 -22"><span class='ocrx_word' id='word_1_152' title='bbox 384 2602 483 2664; x_wconf 87' lang='lat' dir='ltr'>berto</span> <span class='ocrx_word' id='word_1_153' title='bbox 508 2621 531 2665; x_wconf 93' lang='lat' dir='ltr'>a</span> <span class='ocrx_word' id='word_1_154' title='bbox 557 2601 743 2684; x_wconf 90' lang='lat' dir='ltr'>Radulpho</span> <span class='ocrx_word' id='word_1_155' title='bbox 768 2604 925 2685; x_wconf 87' lang='lat' dir='ltr'>patruele</span> <span class='ocrx_word' id='word_1_156' title='bbox 952 2623 1027 2680; x_wconf 90' lang='lat' dir='ltr'>suo,</span> <span class='ocrx_word' id='word_1_157' title='bbox 1054 2604 1181 2686; x_wconf 89' lang='lat' dir='ltr'>ubique</span> <span class='ocrx_word' id='word_1_158' title='bbox 1208 2601 1333 2677; x_wconf 81' lang='lat' dir='ltr'>caedes,</span> 
     </span>
     <span class='ocr_line' id='line_1_29' title="bbox 386 2701 1333 2783; baseline -0.003 -19"><span class='ocrx_word' id='word_1_159' title='bbox 386 2701 514 2783; x_wconf 91' lang='lat' dir='ltr'>ubique</span> <span class='ocrx_word' id='word_1_160' title='bbox 538 2701 636 2781; x_wconf 83' lang='lat' dir='ltr'>ignes</span> <span class='ocrx_word' id='word_1_161' title='bbox 652 2703 892 2767; x_wconf 81' lang='lat' dir='ltr'>versabantur.</span> <span class='ocrx_word' id='word_1_162' title='bbox 944 2703 1145 2768; x_wconf 85' lang='lat' dir='ltr'>Clarissima</span> <span class='ocrx_word' id='word_1_163' title='bbox 1167 2701 1249 2765; x_wconf 92' lang='lat' dir='ltr'>olim</span> <span class='ocrx_word' id='word_1_164' title='bbox 1270 2718 1333 2782; x_wconf 92' lang='lat' dir='ltr'>pa·</span> 
     </span>
    </p>
   </div>
   <div class='ocr_carea' id='block_1_10' title="bbox 384 2963 1340 4282">
    <p class='ocr_par' dir='ltr' id='par_1_10' title="bbox 384 2963 1340 4282">
     <span class='ocr_line' id='line_1_30' title="bbox 421 2963 1333 3033; baseline 0.004 -20"><span class='ocrx_word' id='word_1_165' title='bbox 421 2963 636 3029; x_wconf 74' lang='lat' dir='ltr'>¹lerosolymr&#39;tcrri</span> <span class='ocrx_word' id='word_1_166' title='bbox 655 2968 773 3033; x_wconf 77' lang='lat' dir='ltr'>itineris]</span> <span class='ocrx_word' id='word_1_167' title='bbox 798 2971 848 3019; x_wconf 85' lang='lat' dir='ltr'>Ro·</span> <span class='ocrx_word' id='word_1_168' title='bbox 909 2967 920 2998; x_wconf 81' lang='lat'>³</span> <span class='ocrx_word' id='word_1_169' title='bbox 940 2971 1006 3032; x_wconf 81' lang='lat' dir='ltr'>Regi</span> <span class='ocrx_word' id='word_1_170' title='bbox 1030 2971 1180 3019; x_wconf 78' lang='lat' dir='ltr'>Francorum</span> <span class='ocrx_word' id='word_1_171' title='bbox 1203 2969 1333 3032; x_wconf 70' lang='lat' dir='ltr'>Isaurico]</span> 
     </span>
     <span class='ocr_line' id='line_1_31' title="bbox 385 3035 998 3100; baseline 0.011 -17"><span class='ocrx_word' id='word_1_172' title='bbox 385 3036 463 3084; x_wconf 86' lang='lat' dir='ltr'>bert’s</span> <span class='ocrx_word' id='word_1_173' title='bbox 484 3035 630 3096; x_wconf 85' lang='lat' dir='ltr'>expedition</span> <span class='ocrx_word' id='word_1_174' title='bbox 656 3043 682 3086; x_wconf 94' lang='lat' dir='ltr'>to</span> <span class='ocrx_word' id='word_1_175' title='bbox 704 3039 847 3089; x_wconf 82' lang='lat' dir='ltr'>Jerusalem</span> <span class='ocrx_word' id='word_1_176' title='bbox 875 3040 998 3100; x_wconf 89' lang='lat' dir='ltr'>Henryl.</span> 
     </span>
     <span class='ocr_line' id='line_1_32' title="bbox 386 3105 1336 3172; baseline 0.003 -18"><span class='ocrx_word' id='word_1_177' title='bbox 386 3105 480 3154; x_wconf 78' lang='lat' dir='ltr'>wesin</span> <span class='ocrx_word' id='word_1_178' title='bbox 493 3107 565 3154; x_wconf 75' lang='lat'><strong>1035.</strong></span> <span class='ocrx_word' id='word_1_179' title='bbox 582 3105 680 3172; x_wconf 89' lang='lat' dir='ltr'>(Bouq.</span> <span class='ocrx_word' id='word_1_180' title='bbox 692 3121 729 3157; x_wconf 68' lang='grc' dir='ltr'>ιι.</span> <span class='ocrx_word' id='word_1_181' title='bbox 741 3106 813 3172; x_wconf 75' lang='grc'>420.)</span> <span class='ocrx_word' id='word_1_182' title='bbox 908 3107 920 3139; x_wconf 86' lang='lat'><strong>⁴</strong></span> <span class='ocrx_word' id='word_1_183' title='bbox 936 3109 1066 3168; x_wconf 83' lang='lat' dir='ltr'>Interfecto</span> <span class='ocrx_word' id='word_1_184' title='bbox 1089 3108 1225 3158; x_wconf 79' lang='lat' dir='ltr'>Gislelerto</span> <span class='ocrx_word' id='word_1_185' title='bbox 1246 3124 1262 3157; x_wconf 84' lang='lat' dir='ltr'>r</span> <span class='ocrx_word' id='word_1_186' title='bbox 1285 3110 1336 3157; x_wconf 77' lang='lat' dir='ltr'>Ra-</span> 
     </span>
     <span class='ocr_line' id='line_1_33' title="bbox 873 3178 1335 3242; baseline 0 -16"><span class='ocrx_word' id='word_1_187' title='bbox 873 3179 962 3241; x_wconf 72' lang='lat' dir='ltr'>dulplro</span> <span class='ocrx_word' id='word_1_188' title='bbox 970 3178 1149 3242; x_wconf 70' lang='lat' dir='ltr'>petrariarum]</span> <span class='ocrx_word' id='word_1_189' title='bbox 1161 3179 1335 3228; x_wconf 84' lang='lat' dir='ltr'>‘Gislebertus</span> 
     </span>
     <span class='ocr_line' id='line_1_34' title="bbox 422 3240 1336 3310; baseline 0.004 -18"><span class='ocrx_word' id='word_1_190' title='bbox 422 3240 599 3292; x_wconf 76' lang='lat' dir='ltr'>’Gislebertus</span> <span class='ocrx_word' id='word_1_191' title='bbox 619 3259 695 3294; x_wconf 75' lang='lat' dir='ltr'>corner</span> <span class='ocrx_word' id='word_1_192' title='bbox 719 3250 785 3294; x_wconf 82' lang='lat' dir='ltr'>tutor</span> <span class='ocrx_word' id='word_1_193' title='bbox 805 3261 851 3308; x_wconf 80' lang='lat' dir='ltr'>pu·</span> <span class='ocrx_word' id='word_1_194' title='bbox 874 3263 958 3297; x_wconf 87' lang='lat' dir='ltr'>comes</span> <span class='ocrx_word' id='word_1_195' title='bbox 981 3249 1098 3310; x_wconf 81' lang='lat' dir='ltr'>Oeensis,</span> <span class='ocrx_word' id='word_1_196' title='bbox 1115 3248 1182 3297; x_wconf 84' lang='lat' dir='ltr'>tilius</span> <span class='ocrx_word' id='word_1_197' title='bbox 1201 3249 1336 3298; x_wconf 84' lang='lat' dir='ltr'>Godefridi</span> 
     </span>
     <span class='ocr_line' id='line_1_35' title="bbox 384 3313 1336 3378; baseline 0.005 -17"><span class='ocrx_word' id='word_1_198' title='bbox 384 3313 851 3377; x_wconf 79' lang='lat' dir='ltr'>pillieoustituitur.]0rdericusvita-</span> <span class='ocrx_word' id='word_1_199' title='bbox 875 3318 983 3378; x_wconf 88' lang='lat' dir='ltr'>comitis,</span> <span class='ocrx_word' id='word_1_200' title='bbox 1004 3318 1113 3366; x_wconf 83' lang='lat' dir='ltr'>callidus</span> <span class='ocrx_word' id='word_1_201' title='bbox 1135 3322 1161 3365; x_wconf 90' lang='lat' dir='ltr'>et</span> <span class='ocrx_word' id='word_1_202' title='bbox 1179 3319 1250 3367; x_wconf 81' lang='lat' dir='ltr'>sortis</span> <span class='ocrx_word' id='word_1_203' title='bbox 1269 3323 1336 3366; x_wconf 85' lang='lat' dir='ltr'>tutor</span> 
     </span>
     <span class='ocr_line' id='line_1_36' title="bbox 387 3383 1337 3448; baseline 0.004 -17"><span class='ocrx_word' id='word_1_204' title='bbox 387 3384 420 3432; x_wconf 87' lang='lat' dir='ltr'>lis</span> <span class='ocrx_word' id='word_1_205' title='bbox 431 3383 527 3442; x_wconf 80' lang='lat' dir='ltr'>writes,</span> <span class='ocrx_word' id='word_1_206' title='bbox 537 3384 545 3409; x_wconf 80' lang='lat'><em>⁴</em></span> <span class='ocrx_word' id='word_1_207' title='bbox 555 3383 685 3432; x_wconf 87' lang='lat' dir='ltr'>Ducatum</span> <span class='ocrx_word' id='word_1_208' title='bbox 701 3400 760 3434; x_wconf 88' lang='lat' dir='ltr'>vero</span> <span class='ocrx_word' id='word_1_209' title='bbox 775 3400 850 3433; x_wconf 89' lang='lat' dir='ltr'>suum</span> <span class='ocrx_word' id='word_1_210' title='bbox 875 3387 996 3436; x_wconf 88' lang='lat' dir='ltr'>Willelmi</span> <span class='ocrx_word' id='word_1_211' title='bbox 1006 3389 1090 3448; x_wconf 87' lang='lat' dir='ltr'>pueri,</span> <span class='ocrx_word' id='word_1_212' title='bbox 1102 3387 1147 3436; x_wconf 88' lang='lat' dir='ltr'>sed</span> <span class='ocrx_word' id='word_1_213' title='bbox 1161 3387 1265 3448; x_wconf 88' lang='lat' dir='ltr'>domini,</span> <span class='ocrx_word' id='word_1_214' title='bbox 1276 3403 1337 3448; x_wconf 91' lang='lat' dir='ltr'>quo·</span> 
     </span>
     <span class='ocr_line' id='line_1_37' title="bbox 388 3451 1337 3520; baseline 0.006 -20"><span class='ocrx_word' id='word_1_215' title='bbox 388 3451 536 3508; x_wconf 88' lang='lat' dir='ltr'>Guillelmo,</span> <span class='ocrx_word' id='word_1_216' title='bbox 552 3457 608 3500; x_wconf 87' lang='lat' dir='ltr'>octo</span> <span class='ocrx_word' id='word_1_217' title='bbox 624 3468 745 3502; x_wconf 86' lang='lat' dir='ltr'>annorum</span> <span class='ocrx_word' id='word_1_218' title='bbox 763 3469 851 3515; x_wconf 88' lang='lat' dir='ltr'>puero,</span> <span class='ocrx_word' id='word_1_219' title='bbox 875 3456 933 3503; x_wconf 88' lang='lat' dir='ltr'>dam</span> <span class='ocrx_word' id='word_1_220' title='bbox 952 3471 1025 3505; x_wconf 88' lang='lat' dir='ltr'>mane</span> <span class='ocrx_word' id='word_1_221' title='bbox 1041 3457 1103 3505; x_wconf 91' lang='lat' dir='ltr'>dum</span> <span class='ocrx_word' id='word_1_222' title='bbox 1118 3458 1235 3518; x_wconf 83' lang='lat' dir='ltr'>equitans</span> <span class='ocrx_word' id='word_1_223' title='bbox 1250 3458 1337 3520; x_wconf 91' lang='lat' dir='ltr'>loque·</span> 
     </span>
     <span class='ocr_line' id='line_1_38' title="bbox 388 3520 1338 3588; baseline 0.008 -20"><span class='ocrx_word' id='word_1_224' title='bbox 388 3534 438 3568; x_wconf 91' lang='lat' dir='ltr'>non</span> <span class='ocrx_word' id='word_1_225' title='bbox 446 3520 574 3567; x_wconf 87' lang='lat' dir='ltr'>rediturus</span> <span class='ocrx_word' id='word_1_226' title='bbox 585 3521 703 3583; x_wconf 81' lang='lat' dir='ltr'>reliquit3</span> <span class='ocrx_word' id='word_1_227' title='bbox 715 3523 850 3583; x_wconf 87' lang='lat' dir='ltr'>ipsumque</span> <span class='ocrx_word' id='word_1_228' title='bbox 875 3529 944 3573; x_wconf 89' lang='lat' dir='ltr'>retur</span> <span class='ocrx_word' id='word_1_229' title='bbox 961 3541 1019 3574; x_wconf 89' lang='lat' dir='ltr'>cum</span> <span class='ocrx_word' id='word_1_230' title='bbox 1034 3531 1160 3588; x_wconf 88' lang='lat' dir='ltr'>compatre</span> <span class='ocrx_word' id='word_1_231' title='bbox 1177 3541 1224 3575; x_wconf 90' lang='lat' dir='ltr'>suo</span> <span class='ocrx_word' id='word_1_232' title='bbox 1235 3528 1338 3576; x_wconf 88' lang='lat' dir='ltr'>Wasce·</span> 
     </span>
     <span class='ocr_line' id='line_1_39' title="bbox 388 3589 1337 3657; baseline 0.011 -21"><span class='ocrx_word' id='word_1_233' title='bbox 388 3589 473 3637; x_wconf 82' lang='lat' dir='ltr'>Alano</span> <span class='ocrx_word' id='word_1_234' title='bbox 491 3591 678 3651; x_wconf 81' lang='lat' dir='ltr'>consanguineo</span> <span class='ocrx_word' id='word_1_235' title='bbox 695 3606 751 3653; x_wconf 84' lang='lat' dir='ltr'>suo,</span> <span class='ocrx_word' id='word_1_236' title='bbox 769 3593 852 3640; x_wconf 89' lang='lat' dir='ltr'>Brito·</span> <span class='ocrx_word' id='word_1_237' title='bbox 875 3594 927 3642; x_wconf 93' lang='lat' dir='ltr'>lino</span> <span class='ocrx_word' id='word_1_238' title='bbox 949 3595 981 3644; x_wconf 90' lang='lat' dir='ltr'>de</span> <span class='ocrx_word' id='word_1_239' title='bbox 1004 3596 1085 3644; x_wconf 86' lang='lat' dir='ltr'>Ponte</span> <span class='ocrx_word' id='word_1_240' title='bbox 1107 3597 1279 3657; x_wconf 79' lang='lat' dir='ltr'>Erchenlredi‚</span> <span class='ocrx_word' id='word_1_241' title='bbox 1300 3598 1337 3646; x_wconf 89' lang='lat' dir='ltr'>nil</span> 
     </span>
     <span class='ocr_line' id='line_1_40' title="bbox 389 3654 1337 3727; baseline 0.012 -22"><span class='ocrx_word' id='word_1_242' title='bbox 389 3673 450 3706; x_wconf 89' lang='lat' dir='ltr'>num</span> <span class='ocrx_word' id='word_1_243' title='bbox 461 3659 556 3718; x_wconf 87' lang='lat' dir='ltr'>comiti,</span> <span class='ocrx_word' id='word_1_244' title='bbox 567 3654 769 3710; x_wconf 64' lang='lat' dir='ltr'>commendavit!</span> <span class='ocrx_word' id='word_1_245' title='bbox 791 3661 851 3709; x_wconf 84' lang='lat' dir='ltr'>And</span> <span class='ocrx_word' id='word_1_246' title='bbox 876 3663 937 3711; x_wconf 83' lang='lat' dir='ltr'>mali</span> <span class='ocrx_word' id='word_1_247' title='bbox 967 3666 1110 3727; x_wconf 85' lang='lat' dir='ltr'>suspicans,</span> <span class='ocrx_word' id='word_1_248' title='bbox 1131 3667 1256 3715; x_wconf 90' lang='lat' dir='ltr'>occiditur</span> <span class='ocrx_word' id='word_1_249' title='bbox 1278 3683 1337 3716; x_wconf 88' lang='lat' dir='ltr'>cum</span> 
     </span>
     <span class='ocr_line' id='line_1_41' title="bbox 390 3727 1337 3791; baseline 0.011 -15"><span class='ocrx_word' id='word_1_250' title='bbox 390 3729 481 3789; x_wconf 77' lang='lat' dir='ltr'>again:</span> <span class='ocrx_word' id='word_1_251' title='bbox 503 3727 717 3778; x_wconf 85' lang='lat' dir='ltr'>‘Rebellaverunt</span> <span class='ocrx_word' id='word_1_252' title='bbox 736 3745 852 3791; x_wconf 84' lang='lat' dir='ltr'>proceres</span> <span class='ocrx_word' id='word_1_253' title='bbox 876 3733 984 3783; x_wconf 86' lang='lat' dir='ltr'>Fulcoio</span> <span class='ocrx_word' id='word_1_254' title='bbox 1002 3735 1053 3782; x_wconf 83' lang='lat' dir='ltr'>filio</span> <span class='ocrx_word' id='word_1_255' title='bbox 1072 3735 1169 3785; x_wconf 84' lang='lat' dir='ltr'>Geroii.</span> <span class='ocrx_word' id='word_1_256' title='bbox 1204 3737 1261 3785; x_wconf 91' lang='lat' dir='ltr'>Hoc</span> <span class='ocrx_word' id='word_1_257' title='bbox 1278 3752 1337 3786; x_wconf 88' lang='lat' dir='ltr'>vero</span> 
     </span>
     <span class='ocr_line' id='line_1_42' title="bbox 390 3797 1337 3855; baseline 0.011 -11"><span class='ocrx_word' id='word_1_258' title='bbox 390 3797 554 3846; x_wconf 80' lang='lat' dir='ltr'>Normanniae</span> <span class='ocrx_word' id='word_1_259' title='bbox 577 3803 663 3847; x_wconf 85' lang='lat' dir='ltr'>contra</span> <span class='ocrx_word' id='word_1_260' title='bbox 684 3799 852 3849; x_wconf 84' lang='lat' dir='ltr'>Guillelmum</span> <span class='ocrx_word' id='word_1_261' title='bbox 876 3803 971 3851; x_wconf 82' lang='lat' dir='ltr'>malum</span> <span class='ocrx_word' id='word_1_262' title='bbox 999 3804 1094 3852; x_wconf 87' lang='lat' dir='ltr'>dolosis</span> <span class='ocrx_word' id='word_1_263' title='bbox 1121 3805 1262 3853; x_wconf 84' lang='lat' dir='ltr'>hortatibus</span> <span class='ocrx_word' id='word_1_264' title='bbox 1285 3807 1337 3855; x_wconf 84' lang='lat' dir='ltr'>Ro-</span> 
     </span>
     <span class='ocr_line' id='line_1_43' title="bbox 387 3865 1339 3932; baseline 0.012 -19"><span class='ocrx_word' id='word_1_265' title='bbox 387 3865 510 3927; x_wconf 79' lang='lat' dir='ltr'>infantem</span> <span class='ocrx_word' id='word_1_266' title='bbox 524 3882 532 3925; x_wconf 75' lang='grc' dir='ltr'><strong><em>ς</em></strong></span> <span class='ocrx_word' id='word_1_267' title='bbox 552 3868 606 3929; x_wconf 91' lang='lat' dir='ltr'>qui,</span> <span class='ocrx_word' id='word_1_268' title='bbox 633 3868 694 3916; x_wconf 88' lang='lat' dir='ltr'>dum</span> <span class='ocrx_word' id='word_1_269' title='bbox 706 3873 778 3930; x_wconf 86' lang='lat' dir='ltr'>pater</span> <span class='ocrx_word' id='word_1_270' title='bbox 796 3872 853 3932; x_wconf 84' lang='lat' dir='ltr'>ejus</span> <span class='ocrx_word' id='word_1_271' title='bbox 876 3872 967 3932; x_wconf 92' lang='lat' dir='ltr'>dulphi</span> <span class='ocrx_word' id='word_1_272' title='bbox 975 3873 1007 3922; x_wconf 87' lang='lat' dir='ltr'>de</span> <span class='ocrx_word' id='word_1_273' title='bbox 1018 3874 1123 3922; x_wconf 88' lang='lat' dir='ltr'>Waceio</span> <span class='ocrx_word' id='word_1_274' title='bbox 1131 3875 1177 3922; x_wconf 87' lang='lat' dir='ltr'>filii</span> <span class='ocrx_word' id='word_1_275' title='bbox 1189 3875 1291 3924; x_wconf 84' lang='lat' dir='ltr'>Roberti</span> <span class='ocrx_word' id='word_1_276' title='bbox 1299 3891 1339 3924; x_wconf 87' lang='lat' dir='ltr'>ar·</span> 
     </span>
     <span class='ocr_line' id='line_1_44' title="bbox 389 3935 1340 4005; baseline 0.009 -21"><span class='ocrx_word' id='word_1_277' title='bbox 389 3949 448 3984; x_wconf 90' lang='lat' dir='ltr'>eum</span> <span class='ocrx_word' id='word_1_278' title='bbox 470 3935 589 3997; x_wconf 76' lang='lat' dir='ltr'>Drogone</span> <span class='ocrx_word' id='word_1_279' title='bbox 612 3939 702 3986; x_wconf 84' lang='lat' dir='ltr'>comite</span> <span class='ocrx_word' id='word_1_280' title='bbox 724 3939 772 3988; x_wconf 89' lang='lat' dir='ltr'>iter</span> <span class='ocrx_word' id='word_1_281' title='bbox 795 3940 853 3987; x_wconf 89' lang='lat' dir='ltr'>iniit</span> <span class='ocrx_word' id='word_1_282' title='bbox 876 3941 1032 4003; x_wconf 87' lang='lat' dir='ltr'>chlepiscopi</span> <span class='ocrx_word' id='word_1_283' title='bbox 1048 3943 1144 3992; x_wconf 85' lang='lat' dir='ltr'>factum</span> <span class='ocrx_word' id='word_1_284' title='bbox 1160 3948 1207 4005; x_wconf 84' lang='lat' dir='ltr'>est,</span> <span class='ocrx_word' id='word_1_285' title='bbox 1222 3960 1268 4005; x_wconf 88' lang='lat' dir='ltr'>per</span> <span class='ocrx_word' id='word_1_286' title='bbox 1285 3960 1340 3994; x_wconf 85' lang='lat' dir='ltr'>ma·</span> 
     </span>
     <span class='ocr_line' id='line_1_45' title="bbox 390 4005 1340 4067; baseline 0.012 -14"><span class='ocrx_word' id='word_1_287' title='bbox 390 4005 658 4067; x_wconf 79' lang='lat' dir='ltr'>Hierosolymitanum,</span> <span class='ocrx_word' id='word_1_288' title='bbox 682 4011 738 4057; x_wconf 86' lang='lat' dir='ltr'>octe</span> <span class='ocrx_word' id='word_1_289' title='bbox 760 4009 853 4057; x_wconf 88' lang='lat' dir='ltr'>solnm·</span> <span class='ocrx_word' id='word_1_290' title='bbox 876 4024 925 4058; x_wconf 90' lang='lat' dir='ltr'>nus</span> <span class='ocrx_word' id='word_1_291' title='bbox 947 4012 1063 4060; x_wconf 89' lang='lat' dir='ltr'>crudeles</span> <span class='ocrx_word' id='word_1_292' title='bbox 1087 4013 1185 4062; x_wconf 84' lang='lat' dir='ltr'>Odonis</span> <span class='ocrx_word' id='word_1_293' title='bbox 1202 4014 1292 4063; x_wconf 87' lang='lat' dir='ltr'>Grossi</span> <span class='ocrx_word' id='word_1_294' title='bbox 1314 4020 1340 4063; x_wconf 86' lang='lat' dir='ltr'>et</span> 
     </span>
     <span class='ocr_line' id='line_1_46' title="bbox 389 4075 1340 4138; baseline 0.014 -19"><span class='ocrx_word' id='word_1_295' title='bbox 389 4075 463 4121; x_wconf 92' lang='lat' dir='ltr'>modo</span> <span class='ocrx_word' id='word_1_296' title='bbox 482 4077 537 4121; x_wconf 86' lang='lat' dir='ltr'>erat</span> <span class='ocrx_word' id='word_1_297' title='bbox 555 4089 685 4137; x_wconf 84' lang='lat' dir='ltr'>annorum,</span> <span class='ocrx_word' id='word_1_298' title='bbox 706 4082 732 4125; x_wconf 90' lang='lat' dir='ltr'>et</span> <span class='ocrx_word' id='word_1_299' title='bbox 748 4092 765 4125; x_wconf 86' lang='lat' dir='ltr'>a</span> <span class='ocrx_word' id='word_1_300' title='bbox 781 4083 852 4138; x_wconf 87' lang='lat' dir='ltr'>patre</span> <span class='ocrx_word' id='word_1_301' title='bbox 877 4079 984 4129; x_wconf 86' lang='lat' dir='ltr'>audacis</span> <span class='ocrx_word' id='word_1_302' title='bbox 1019 4081 1123 4131; x_wconf 88' lang='lat' dir='ltr'>Roberti</span> <span class='ocrx_word' id='word_1_303' title='bbox 1158 4083 1204 4130; x_wconf 87' lang='lat' dir='ltr'>tilii</span> <span class='ocrx_word' id='word_1_304' title='bbox 1233 4083 1340 4133; x_wconf 85' lang='lat' dir='ltr'>Geroii.&#39;</span> 
     </span>
     <span class='ocr_line' id='line_1_47' title="bbox 388 4143 1338 4213; baseline 0.016 -25"><span class='ocrx_word' id='word_1_305' title='bbox 388 4143 538 4190; x_wconf 87' lang='lat' dir='ltr'>commissus</span> <span class='ocrx_word' id='word_1_306' title='bbox 554 4145 641 4193; x_wconf 76' lang='lat' dir='ltr'>tutela.</span> <span class='ocrx_word' id='word_1_307' title='bbox 653 4145 730 4194; x_wconf 81' lang='lat' dir='ltr'>Alani</span> <span class='ocrx_word' id='word_1_308' title='bbox 748 4161 852 4196; x_wconf 84' lang='lat' dir='ltr'>consan-</span> <span class='ocrx_word' id='word_1_309' title='bbox 877 4149 961 4213; x_wconf 87' lang='lat' dir='ltr'>(will.</span> <span class='ocrx_word' id='word_1_310' title='bbox 984 4149 1083 4201; x_wconf 85' lang='lat' dir='ltr'>Gemet.</span> <span class='ocrx_word' id='word_1_311' title='bbox 1105 4152 1203 4202; x_wconf 85' lang='lat' dir='ltr'>Hister.</span> <span class='ocrx_word' id='word_1_312' title='bbox 1225 4153 1270 4204; x_wconf 90' lang='lat' dir='ltr'>lib.</span> <span class='ocrx_word' id='word_1_313' title='bbox 1293 4168 1338 4203; x_wconf 91' lang='lat' dir='ltr'>v11.</span> 
     </span>
     <span class='ocr_line' id='line_1_48' title="bbox 389 4211 951 4282; baseline 0.018 -25"><span class='ocrx_word' id='word_1_314' title='bbox 389 4211 477 4272; x_wconf 78' lang='lat' dir='ltr'>guinei</span> <span class='ocrx_word' id='word_1_315' title='bbox 488 4211 538 4272; x_wconf 88' lang='lat' dir='ltr'>sui,</span> <span class='ocrx_word' id='word_1_316' title='bbox 548 4214 647 4262; x_wconf 88' lang='lat' dir='ltr'>comitis</span> <span class='ocrx_word' id='word_1_317' title='bbox 658 4215 810 4266; x_wconf 67' lang='lat' dir='ltr'>Britonum!</span> <span class='ocrx_word' id='word_1_318' title='bbox 877 4232 901 4267; x_wconf 90' lang='lat' dir='ltr'>c.</span> <span class='ocrx_word' id='word_1_319' title='bbox 912 4214 951 4282; x_wconf 56' lang='grc' dir='ltr'>ἢ.)</span> 
     </span>
    </p>
   </div>
   <div class='ocr_carea' id='block_1_11' title="bbox 0 0 1577 4974">
    <p class='ocr_par' dir='ltr' id='par_1_11' title="bbox 0 0 1577 4974">
     <span class='ocr_line' id='line_1_49' title="bbox 0 0 1577 4974; baseline 0 0"><span class='ocrx_word' id='word_1_320' title='bbox 0 0 1577 4974; x_wconf 95' lang='lat' dir='ltr'> </span> 
     </span>
    </p>
   </div>
  </div>
 </body>
</html>
