3148 4982
238 475 391 556 maru]
463 494 577 542 casm
601 495 727 544 aucun
753 497 970 546 nacionum
1127 485 1189 551 491

236 650 342 713 solvit
362 657 398 713 et
419 651 616 715 convivium
632 653 781 734 repetiit.
835 654 893 716 Ita
915 654 1006 718 bello
1024 655 1191 721 intestino

237 749 297 810 diu
315 749 489 814 laboravit
506 749 742 830 Normannia3
766 752 869 816 modo
891 751 972 829 illis,
988 755 1090 818 modo
1113 757 1190 819 istis

237 848 472 912 vincentibus:
501 869 660 931 proceres
685 851 865 932 utriusque
892 850 1042 915 furorem
1065 853 1189 918 incita-

239 948 333 1022 bant,
363 947 519 1011 homines
546 948 722 1025 levissimi,
746 951 783 1012 in
811 957 936 1013 neutra
951 949 1058 1031 'parte
1087 953 1188 1016 fidem

238 1046 416 1108 habentes,
469 1045 578 1110 Pauci
601 1048 725 1129 quibus
747 1049 866 1112 sanius
888 1050 1081 1127 consilium,
1105 1071 1186 1115 oon·

238 1145 391 1207 sulentes
416 1145 487 1207 suis
511 1146 699 1209 commodis
725 1145 817 1227 quod
847 1147 1030 1230 utrobique
1052 1170 1186 1232 posses-

237 1244 351 1306 siones
379 1244 557 1320 haberent,
580 1245 787 1308 mediatores
810 1247 906 1326 pacis
927 1246 1043 1327 fuere;
1067 1256 1107 1312 ut
1128 1269 1186 1313 co·
1199 1268 1321 1312 annon.

239 1341 315 1404 miti
331 1361 394 1404 rex
411 1341 634 1406 Ginomannis
657 1344 865 1424 adquireret,
880 1363 995 1408 comes
1017 1348 1091 1428 regi
1109 1367 1185 1412 cas-

238 1441 322 1504 tella
337 1460 415 1522 quae
432 1441 582 1504 habebat
600 1447 636 1503 et
654 1441 864 1504 Fiscannum
887 1445 1083 1514 coenobium
1104 1465 1186 1509 con-

238 1540 384 1603 cederet.
436 1539 459 1602 J
462 1545 600 1602 uratum
622 1547 675 1622 est
699 1541 766 1604 hoc'
789 1547 941 1621 pactum,
964 1549 1000 1605 et
1022 1545 1065 1606 ab
1090 1551 1186 1608 utro·

238 1657 382 1720 rumque
396 1637 590 1702 bominibus
607 1647 823 1703 sacramento
839 1639 1024 1704 firmatum.
1250 1645 1254 1651 '

269 1826 442 1884 QUOMODO
455 1828 674 1876 WILLELMUS
694 1829 738 1875 ΕΤ
754 1829 944 1876 ROBERTUS
959 1829 1186 1878 OBSEDERIN'l'

353 1927 548 1974 HENRlGUM
575 1928 747 1974 FRATREM
776 1927 878 1976 SUUM
907 1929 1004 1976 APUD
1033 1929 1185 1976 MONTEM
1286 1911 1287 1917 ἵ

353 2024 481 2071 SANGTI
506 2025 715 2073 MlOHAELlS.

289 2129 307 2212 §
327 2129 404 2193 308.
428 2129 505 2193 Nec
527 2131 637 2194 multo
665 2138 746 2213 post
767 2151 830 2194 rex
853 2151 947 2195 mare
974 2133 1123 2209 transiit,
1147 2146 1306 2240 utffiggprst

237 2229 337 2292 fidem
351 2228 597 2310 promissorum
619 2231 787 2311 expleret.
838 2231 933 2311 Ergo
950 2238 1095 2314 uterque
1112 2229 1184 2294 du'x
1197 2227 1313 2289 nram?

236 2327 393 2408 ingentes
413 2329 643 2390 moliebantur
664 2336 809 2392 conatus
831 2336 870 2392 ut
885 2328 1109 2393 cinomannis
1131 2332 1183 2393 in·

237 2427 424 2490 vaderent:
447 2427 508 2489 sed
531 2426 667 2491 obstitit
683 2427 760 2510 jam
782 2429 926 2509 paratis,
937 2429 1081 2511 jamque
1103 2450 1183 2510 pro-

236 2525 390 2601 fecturiS,
411 2525 557 2588 Henrici
579 2524 696 2588 fratris
724 2527 864 2589 minoris
888 2527 1102 2604 animositas,
1124 2529 1184 2609 qui

236 2623 409 2687 frenderet
428 2631 569 2705 propter
582 2624 728 2687 fratrum
750 2626 953 2703 avaritiam
977 2625 1069 2706 quod
1089 2633 1183 2689 uter-

236 2743 302 2805 que
328 2723 563 2804 possessiones
587 2730 750 2803 paternas
771 2723 974 2800 dividerent,
997 2731 1033 2787 et
1049 2744 1087 2788 se
1111 2745 1184 2787 om-

235 2823 329 2884 nium
353 2841 440 2902 pene
462 2829 639 2903 expertem
662 2842 732 2885 non
753 2823 1006 2886 erubescerent.
1058 2823 1184 2905 Itaque

140 2991 142 2995 ,
235 2927 387 2983 montem
409 2920 521 2982 sancti
536 2919 718 2983 Michaelis
735 2927 887 2983 armatus
902 2920 1041 2998 insedit,
1057 2929 1092 2984 et
1109 2941 1183 2986 cre-

234 3020 305 3081 bris
318 3019 521 3081 excursibus
542 3018 755 3082 obsidentem
769 3020 927 3082 militiam
942 3039 1183 3100 germanorum

234 3117 465 3180 contristavit.
518 3116 563 3179 In
594 3137 636 3180 ea
657 3118 834 3181 obsidione
860 3117 1048 3198 praecluum
1071 3119 1181 3200 speci·

234 3236 311 3278 men
327 3235 459 3279 morum
473 3215 510 3277 in
524 3235 605 3296 rege
622 3222 657 3278 et
671 3217 796 3280 comite
810 3216 972 3296 apparuit
984 3236 993 3293 ;
1016 3217 1052 3278 in
1072 3216 1182 3280 altero

233 3313 516 3390 mansuetudinis
537 3315 574 3377 in
596 3315 705 3378 altero
725 3312 1031 3394 magnanimitatis
1084 3315 1181 3378 Utri-

233 3431 342 3494 usque
367 3413 517 3494 exempli
544 3418 645 3475 notas
667 3431 730 3493 pro
752 3413 942 3494 legentium
965 3412 1090 3476 notitia
1111 3407 1181 3476 ¹af-

234 3511 349 3592 figam.

404 3699 451 3744 on
475 3697 785 3746 nncnnnlnirnra
808 3699 1008 3747 wrnnnnnn

281 3803 398 3888 §aba
432 3805 602 3885 Egressus
633 3825 697 3868 rex
725 3807 960 3882 tabernaculo,
990 3806 1179 3887 vidensque
1193 3822 1304 3872 uanam.

1145 3906 1151 3919 ,
1192 3873 1245 3922 mny
1254 3875 1277 3913 oi
1284 3873 1335 3914 Wll·
1387 3894 1389 3899 .

230 3904 362 3966 eminus
394 3903 511 3966 hostes
534 3904 719 3984 superbum
747 3905 992 3990 inequitantes
1024 3905 1119 3967 solus
1142 3921 1249 3966 innam.

229 4002 355 4065 multos
382 4001 494 4079 irruit,
528 4002 708 4065 alacritate
735 4003 874 4065 virtutis
904 4003 1100 4083 impatiens
1132 4003 1179 4068 si-

417 4234 566 4308 ¹Affigam.]
585 4239 617 4290 A.
631 4241 660 4290 S.
672 4241 707 4290 D.
722 4241 755 4290 Ε.
768 4241 815 4301 L.;
833 4240 944 4302 infigam,
957 4243 987 4289 O.
