3140 4974
392 488 457 552 560
608 501 721 550 cnsrn
746 501 872 548 uncum
897 501 1111 548 ANGLORUM.
1193 487 1344 566 [nisrv.

232 684 373 736 repimus
444 658 461 741 ᾗ
476 657 552 721 366.
575 657 642 721 Sed
660 677 749 734 cum,
768 651 849 720 ¹sex
864 657 1039 720 mensibus
1057 655 1253 721 Antiochiae
1268 677 1342 723 mo-

231 736 358 826 illiti·
393 759 473 835 rati,
496 757 691 840 praeteritos
708 757 845 820 labores
867 763 938 819 tam
956 756 1120 819 diuturna
1133 757 1249 838 quiete
1265 760 1341 821 abs-

393 856 586 933 tersissent,
619 857 685 920 iter
718 855 923 940 jamdudum
957 856 1134 937 inceptum
1167 876 1341 920 resumere

393 955 659 1020 meditabantur.
717 955 924 1036 Primusque
954 954 1186 1031 Raimundus,
1212 957 1340 1019 nullius

394 1075 544 1136 unquam
573 1055 723 1137 ignaviae
747 1055 918 1130 conscius,
944 1061 980 1117 et
1001 1055 1057 1116 cui
1083 1073 1217 1136 semper
1238 1049 1341 1118 ²cura

394 1155 541 1237 primum
566 1155 602 1217 in
626 1155 806 1236 procinctu
829 1153 971 1216 militari
993 1173 1081 1229 esse,
1102 1160 1138 1217 et
1159 1161 1239 1236 post
1261 1175 1339 1217 eum

395 1253 542 1318 Roberti
569 1262 604 1316 et
620 1252 842 1329 Godelridus,
858 1246 941 1316 ³iter
956 1252 1070 1316 adorti
1086 1273 1094 1330 ;
1118 1253 1230 1316 solum
1247 1254 1339 1317 Boa-

394 1353 559 1416 mundum
584 1353 834 1416 florentissimae
863 1352 1015 1416 civitatis
1037 1359 1198 1433 aspectus
1222 1359 1257 1416 et
1279 1361 1340 1435 pe'·

395 1453 573 1515 cuniarum
597 1451 706 1515 fames
730 1451 913 1527 continuit,
942 1459 982 1514 ut
1011 1451 1148 1514 interim
1178 1451 1340 1517 differret.

395 1550 463 1614 Sed
495 1552 626 1614 latebat
659 1552 723 1614 sub
756 1550 944 1633 cupiditate
976 1551 1064 1614 ratio
1094 1552 1342 1633 persuasibilis,

395 1668 464 1731 qua
480 1649 608 1713 diceret
621 1648 842 1714 Antiochiam
857 1670 926 1714 non
946 1649 1021 1712 sine
1046 1651 1201 1732 principe
1216 1651 1340 1714 Turcis

395 1749 634 1831 exponendam
651 1750 816 1813 continuo
831 1749 1048 1813 involaturis.
1102 1749 1239 1813 Residit
1256 1770 1340 1832 ergo

394 1849 430 1910 in
452 1850 556 1928 urbe3
579 1856 615 1913 et
637 1849 826 1912 Raimundi
841 1848 1007 1926 homineS,
1023 1849 1083 1930 qui
1098 1850 1211 1912 vicum
1233 1869 1339 1923 unum

395 1949 571 2024 tenebant,
604 1948 780 2031 improbus
814 1954 957 2011 exactor
979 1947 1149 2010 moenibus
1177 1941 1339 2030 *depulit

394 2043 445 2110 At
468 2067 550 2111 vero
580 2049 697 2111 caeteri
725 2042 804 2130 ⁵per
829 2047 1010 2129 Tripolim,
1042 2053 1078 2110 et
1105 2047 1273 2124 Beritum‚
1305 2057 1340 2112 et

394 2145 539 2228 Tyrum,
564 2155 599 2211 et
616 2146 800 2230 Sydonem,
826 2154 861 2211 et
878 2139 1084 2222 A'caronem,
1107 2153 1142 2209 et
1159 2146 1340 2229 Caipham‚

395 2253 430 2308 et
448 2245 644 2311 Caesaream
662 2246 850 2310 Palestinae
865 2253 1096 2322 transeuntes,
1113 2246 1162 2309 ibi
1181 2265 1203 2309 a
1217 2247 1341 2311 dextra

395 2344 606 2411 dimittentes
632 2347 816 2423 maritima,
839 2351 1070 2429 pervenerunt
1085 2346 1294 2425 Ramulam3
1319 2367 1341 2410 a

395 2443 601 2525 quibusdam
635 2446 834 2508 civitatibus
866 2451 1046 2526 gratanter
1076 2446 1225 2532 excepti,
1257 2465 1341 2528 que-

395 2543 540 2606 rundam
564 2544 777 2626 subjectione
797 2545 961 2608 virtutem
984 2563 1084 2606 suam
1105 2545 1340 2625 insignientes.

397 2640 480 2705 Non
511 2643 601 2707 enim
632 2642 763 2706 diutius
799 2663 931 2706 moram
965 2643 1128 2725 protelari
1160 2644 1341 2706 consilium

396 2750 483 2818 erat,
516 2742 608 2824 quod
636 2740 767 2824 Aprilis
792 2744 921 2806 mensis
949 2749 1036 2818 erat,
1068 2750 1103 2805 et
1130 2751 1341 2824 campestres

396 2838 513 2920 fruges
536 2841 572 2903 in
597 2848 751 2904 maturas
773 2859 903 2905 messes
925 2841 1138 2905 coaluerant.
1191 2841 1341 2906 Ramula

397 2945 451 3002 est
483 2939 678 3018 civitatula,
711 2960 810 3004 muro
837 2941 968 3020 indiga,
1002 2941 1096 3004 beati
1130 2940 1285 3022 Georgii,
1311 2943 1341 3006 si

397 3037 498 3102 famae
524 3039 704 3117 credimus,
729 3041 886 3123 martyrii
908 3041 1068 3119 conscia;
1101 3041 1200 3124 cujus
1224 3041 1273 3105 ibi
1298 3043 1342 3104 ab

397 3139 541 3220 antiquo
565 3138 744 3202 fundatam
775 3140 956 3203 ecclesiam
979 3138 1085 3202 Turci
1107 3140 1262 3202 nonnihil
1284 3141 1343 3204 de-

396 3237 642 3316 formaverant,
675 3245 758 3302 tunc
789 3247 884 3302 metu
917 3239 1141 3315 Francorum,
1171 3241 1343 3322 subreptis

396 3338 554 3401 omnibus
594 3339 678 3415 soie,
714 3339 750 3404 in
777 3346 941 3402 montana
971 3337 1109 3419 dilapsi.
1178 3338 1343 3423 Sequenti

395 3455 509 3513 mane,
526 3437 631 3500 dubio
650 3436 762 3502 adhuc
785 3437 853 3501 diei
878 3444 913 3500 ct
935 3437 1047 3499 noctis
1069 3437 1229 3516 confinio,
1246 3439 1342 3502 Tan-

395 3534 518 3598 credus
539 3555 647 3617 nepos
670 3536 876 3613 Boamundi,
901 3543 1072 3617 praestans
1099 3537 1205 3601 animi
1232 3539 1342 3613 miles,

395 3635 543 3716 sumptis
565 3636 682 3712 armis,
698 3643 734 3700 et
751 3636 889 3720 quidam
912 3635 983 3712 alii,
1005 3635 1186 3699 Bethleem
1205 3645 1343 3720 perten-

431 3863 527 3926 ¹Sex.]
551 3862 585 3914 A.
600 3865 630 3913 C.
642 3865 674 3913 E.
687 3862 734 3924 1..;
752 3868 857 3928 septem,
917 3859 1063 3928 ⁴Depulit.]
1089 3864 1122 3915 A.
1135 3866 1170 3915 D.
1182 3867 1214 3916 E.
1227 3866 1276 3927 L.;
1300 3881 1345 3914 ex·

395 3934 425 3982 S.
438 3934 473 3983 D.
881 3933 957 3994 pulit,
967 3933 994 3982 S.
1010 3935 1039 3982 C.

429 4031 541 4097 ²Cura]
558 4033 591 4084 A.
610 4035 639 4084 S.
658 4036 688 4084 C.
706 4034 741 4085 D.
758 4036 790 4083 E.
808 4035 856 4095 L.;
915 4000 989 4051 ὄρθ’
1001 4003 1140 4084 Tripolim]
1160 4005 1214 4086 Tile
1233 4009 1343 4066 greatest

394 4120 463 4153 (Μ
474 4106 536 4167 vim,
548 4104 577 4153 S·
594 4105 660 4170 (W.
671 4102 742 4167 lect.)
880 4076 938 4132 part
953 4071 982 4120 os
997 4073 1062 4121 their
1078 4075 1163 4122 merch
1180 4088 1203 4123 rs
1219 4079 1283 4123 most
1301 4089 1345 4122 ac.

881 4142 995 4202 curately
1016 4145 1103 4192 traced
1125 4145 1151 4191 in
1174 4145 1342 4193 Maundrell's

429 4204 511 4255 ³Iter
533 4206 635 4268 adorti]
661 4207 695 4256 D.
716 4207 763 4268 Ε.;
787 4206 854 4254 viam
880 4211 994 4272 Journey
1005 4211 1068 4260 from
1079 4214 1180 4275 Aleppo
1199 4218 1225 4262 to
1239 4216 1345 4264 Jerusa-

394 4276 483 4338 moliti,
493 4275 526 4325 A.
540 4276 568 4324 S.
583 4276 612 4326 C.
625 4276 655 4325 L.
881 4280 929 4328 lem
943 4278 1001 4346 (pp.
1016 4279 1137 4348 11-67).
