3080 4960
235 685 371 777 loidi?

236 788 280 826 cml
288 787 312 826 ot
318 788 381 827 Glou-

236 837 321 878 oesterr
329 848 378 878 con·

236 887 294 927 dua.

394 497 462 561 760
685 505 859 558 rnsroam
882 508 1058 556 novenni.
1163 497 1166 502 '
1189 493 1277 574 [nte.
1294 505 1347 554 111.

397 668 466 734 Sed
483 671 667 733 noluerunt
684 667 844 732 assentiri
867 665 1023 742 comites,
1037 672 1073 730 ct
1089 665 1149 730 alii
1166 664 1226 747 qui
1248 683 1349 744 rega-

397 769 483 832 lium
496 769 647 851 partium
662 775 762 832 erant
775 787 784 846 3
807 776 924 848 regem
939 766 1076 848 quidem
1089 765 1229 828 liberari
1251 765 1348 845 cupi-

398 875 509 946 entes,
535 867 597 931 scd
620 866 708 930 citra
732 885 814 930 suas
836 868 873 928 in
894 866 1050 947 pecuniae
1073 864 1258 928 amissione
1270 863 1347 946 jac-

399 974 517 1030 turas:
541 986 621 1028 nam
644 973 680 1029 et
697 963 909 1029 Gillebertus
932 983 1047 1027 comes
1062 963 1276 1028 Willelmum
1303 962 1346 1025 de

398 1065 598 1142 salesbiria,
609 1064 805 1129 Willelmns
823 1064 866 1126 de
885 1063 969 1145 Ipra
986 1061 1199 1126 Hunfridum
1220 1062 1263 1124 de
1279 1061 1348 1124 Bo-

398 1164 483 1241 hun,
507 1170 543 1228 et
564 1163 723 1227 nonnulli
746 1163 806 1226 alii
830 1180 918 1244 quos
941 1168 1139 1243 potuerant,
1156 1160 1346 1225 Wintoniee

399 1269 576 1344 ceperant,
601 1262 719 1326 multis
750 1262 785 1325 in
814 1280 932 1325 eorum
962 1261 1196 1344 redemptione
1221 1259 1346 1322 marcis

400 1361 585 1426 inhiantes.

400 1549 574 1609 QUOMODO
601 1547 802 1596 'PEN'I'A'I'UM
826 1546 891 1594 ES'l'
914 1547 1076 1595 OObllTEM
1099 1546 1338 1594 GLOEOESTRAE

543 1647 649 1731 Posse
671 1646 838 1694 {subscri
863 1647 903 1694 ΙΝ
926 1646 1064 1695 PARTES
1088 1645 1207 1694 REGIS.

451 1757 538 1840 §59.
564 1757 690 1839 Itaque
705 1755 775 1819 alia
791 1753 850 1818 via
872 1753 1032 1817 comitem
1055 1752 1182 1830 adorsi,
1200 1753 1345 1833 promis-

400 1855 448 1918 sis
465 1856 675 1937 ingentibus,
691 1855 721 1916 si
736 1854 825 1917 forte
840 1858 994 1935 possent,
1004 1853 1134 1916 illicere
1150 1852 1344 1933 cupiebant

401 1953 626 2029 Concederet,
643 1972 761 2017 sorore
778 1950 930 2027 dimissa,
944 1951 978 2014 in
998 1959 1115 2033 partes
1128 1951 1234 2032 regis,
1250 1950 1347 2014 habi-

400 2060 500 2119 turus
517 2053 662 2135 proinde
678 2053 787 2115 totius
809 2058 912 2114 terrae
933 2049 1159 2127 dominatum,
1174 2055 1215 2112 ut
1230 2048 1274 2112 ad
1295 2051 1347 2131 ip·

400 2151 473 2215 sius
489 2152 667 2215 arbitrium
684 2151 873 2233 penderent
889 2149 1023 2228 omnia3
1049 2156 1210 2231 essetque
1224 2149 1349 2212 insola

400 2269 529 2315 corona
550 2269 632 2331 rege
658 2249 811 2324 inferior,
838 2248 973 2311 caeteris
996 2249 1154 2312 omnibus
1175 2267 1239 2330 pro
1258 2249 1347 2312 velle

400 2350 669 2432 principaturus.
714 2347 860 2431 Repulit
873 2363 987 2410 comes
1002 2347 1188 2411 immensas
1202 2348 1348 2428 promis·

401 2449 516 2512 siones
539 2447 753 2512 memorabili
771 2465 948 2529 responso,
964 2446 1056 2527 quod
1078 2446 1264 2528 posteritas
1286 2465 1346 2510 au·

401 2546 475 2611 diat
498 2555 533 2610 et
552 2549 695 2611 miretur
711 2547 812 2612 volo:
841 2545 945 2610 ‘Non
965 2546 1065 2622 sum,'
1079 2545 1203 2626 inquit,
1217 2549 1346 2623 ‘meus

402 2644 464 2708 sed
479 2646 583 2709 alieni
592 2645 706 2729 juris:
731 2665 811 2708 cum
833 2663 920 2708 meae
939 2646 1124 2726 potestatis
1145 2663 1200 2706 me
1216 2644 1345 2723 videro,

402 2743 567 2825 quicquid
590 2745 680 2808 ratio
702 2745 745 2807 de
775 2763 813 2808 re
839 2745 943 2826 qbam
969 2744 1129 2826 allegatis
1152 2743 1348 2822 dictaverit,

401 2840 573 2905 facturum
589 2862 644 2906 me
658 2842 874 2926 respondeo!
1266 2857 1268 2864 '

440 2939 520 3022 §ou
532 2941 623 3006 Tum
632 2941 683 3005 illi
694 2940 935 3006 concitatiores
946 2949 982 3007 et
990 2939 1146 3005 nonnihil
1155 2941 1253 3018 moti,
1268 2961 1345 3006 cum

398 3039 576 3104 blanditiis
591 3041 677 3104 nibil
690 3048 943 3123 promoverent,
961 3041 1072 3103 minas
1090 3040 1261 3104 intentare
1275 3060 1345 3104 coe·

398 3145 538 3221 parunt,
552 3141 644 3221 quod
660 3159 738 3202 eum
753 3141 845 3204 ultra
861 3138 1006 3202 marein
1024 3139 1215 3202 Bononiam
1231 3141 1345 3203 mitte-

400 3245 489 3316 rent,
511 3240 687 3321 perpetnis
702 3239 849 3304 vinculis
874 3257 985 3320 usque
1010 3236 1055 3300 ad
1078 3245 1223 3302 mortem
1246 3239 1345 3302 inno-

399 3335 562 3401 dandum.
615 3339 800 3402 Enimvero
815 3336 885 3414 ille,
896 3337 1010 3400 minas
1026 3353 1147 3400 sereno
1159 3337 1260 3401 vultu
1276 3339 1345 3401 dis-

399 3435 549 3512 solvens,
579 3437 665 3500 nibil
693 3437 808 3500 minus
834 3455 872 3499 se
899 3435 1020 3499 timere
1044 3440 1259 3517 protestatus
1291 3443 1344 3499 est

398 3541 600 3597 constanter
614 3543 649 3598 et
665 3554 766 3599 vere:
790 3533 983 3598 confidebat
1006 3535 1097 3598 enim
1113 3534 1148 3596 in
1163 3536 1343 3615 magnani-

398 3631 519 3695 mitate
544 3634 741 3709 comitissae,
755 3632 877 3698 uxoris
892 3651 966 3696 suae
984 3625 1143 3710 ¹scilicet,
1158 3637 1194 3696 et
1210 3635 1342 3698 animo·

397 3729 501 3794 sitate
529 3750 682 3810 suorum,
707 3732 909 3815 quistatim
935 3751 1052 3812 regem
1077 3731 1113 3794 in
1138 3731 1343 3796 Hiberniam

395 3829 584 3908 mitterent,
610 3832 640 3896 si
662 3832 745 3917 quid
767 3849 948 3914 perperam
969 3831 1004 3894 in
1027 3830 1187 3895 comitem
1212 3832 1340 3896 factum

394 3929 582 3993 audissent.
990 3939 994 3947 '

444 4027 528 4112 §6L
552 4028 707 4092 Transiit
728 4027 764 4094 in
787 4028 840 4092 bis
854 4029 994 4106 mensis,
1010 4035 1120 4094 tantae
1142 4028 1243 4093 molis
1266 4037 1342 4094 erat

596 4274 605 4307 ¹
618 4274 740 4338 Scilicet]
758 4277 790 4326 Ε.
804 4291 811 4337 ;
828 4276 933 4326 omitted
945 4278 971 4326 in
983 4278 1012 4328 S.
1024 4278 1059 4326 D.
1072 4278 1126 4328 Le.
