<?xml version="1.0" encoding="UTF-8"?>
<!DOCTYPE html PUBLIC "-//W3C//DTD XHTML 1.0 Transitional//EN"
    "http://www.w3.org/TR/xhtml1/DTD/xhtml1-transitional.dtd">
<html xmlns="http://www.w3.org/1999/xhtml" xml:lang="en" lang="en">
 <head>
  <title>
</title>
<meta http-equiv="Content-Type" content="text/html;charset=utf-8" />
  <meta name='ocr-system' content='tesseract 3.04.00' />
  <meta name='ocr-capabilities' content='ocr_page ocr_carea ocr_par ocr_line ocrx_word'/>
</head>
<body>
  <div class='ocr_page' id='page_1' title='image "./willelmimalmesb00hardgoog_0385.png"; bbox 0 0 3080 4960; ppageno 0'>
   <div class='ocr_carea' id='block_1_1' title="bbox 203 457 1150 539">
    <p class='ocr_par' dir='ltr' id='par_1_1' title="bbox 203 457 1150 539">
     <span class='ocr_line' id='line_1_1' title="bbox 203 457 1150 539; baseline 0.004 -19"><span class='ocrx_word' id='word_1_1' title='bbox 203 474 269 528; x_wconf 78' lang='lat' dir='ltr'><strong>ern.</strong></span> <span class='ocrx_word' id='word_1_2' title='bbox 287 457 359 539; x_wconf 79' lang='lat' dir='ltr'><strong>rm]</strong></span> <span class='ocrx_word' id='word_1_3' title='bbox 484 473 658 522; x_wconf 78' lang='lat' dir='ltr'><strong>mercum</strong></span> <span class='ocrx_word' id='word_1_4' title='bbox 680 474 858 523; x_wconf 76' lang='lat' dir='ltr'><strong>novrum.</strong></span> <span class='ocrx_word' id='word_1_5' title='bbox 1083 457 1150 524; x_wconf 82' lang='grc'><strong>741</strong></span> 
     </span>
    </p>
   </div>
   <div class='ocr_carea' id='block_1_2' title="bbox 197 631 1155 1408">
    <p class='ocr_par' dir='ltr' id='par_1_2' title="bbox 197 631 1155 1408">
     <span class='ocr_line' id='line_1_2' title="bbox 197 631 1149 709; baseline 0 -13"><span class='ocrx_word' id='word_1_6' title='bbox 197 631 308 709; x_wconf 85' lang='lat' dir='ltr'><strong>randi,</strong></span> <span class='ocrx_word' id='word_1_7' title='bbox 335 631 428 695; x_wconf 85' lang='lat' dir='ltr'>dedit</span> <span class='ocrx_word' id='word_1_8' title='bbox 457 650 494 694; x_wconf 89' lang='lat' dir='ltr'><strong>se</strong></span> <span class='ocrx_word' id='word_1_9' title='bbox 519 631 718 695; x_wconf 86' lang='lat' dir='ltr'><strong>discrimini.</strong></span> <span class='ocrx_word' id='word_1_10' title='bbox 771 631 936 696; x_wconf 86' lang='lat' dir='ltr'><strong>Comitati</strong></span> <span class='ocrx_word' id='word_1_11' title='bbox 964 639 1046 696; x_wconf 88' lang='lat' dir='ltr'><strong>sunt</strong></span> <span class='ocrx_word' id='word_1_12' title='bbox 1070 651 1149 696; x_wconf 88' lang='lat' dir='ltr'><strong>eum</strong></span> 
     </span>
     <span class='ocr_line' id='line_1_3' title="bbox 198 729 1149 815; baseline 0.002 -22"><span class='ocrx_word' id='word_1_13' title='bbox 198 732 351 814; x_wconf 78' lang='lat' dir='ltr'><strong>impigre.</strong></span> <span class='ocrx_word' id='word_1_14' title='bbox 368 749 441 795; x_wconf 87' lang='lat' dir='ltr'><strong>suae</strong></span> <span class='ocrx_word' id='word_1_15' title='bbox 464 729 618 794; x_wconf 83' lang='lat' dir='ltr'><strong>fautores</strong></span> <span class='ocrx_word' id='word_1_16' title='bbox 640 731 763 812; x_wconf 84' lang='lat' dir='ltr'><strong>partis,</strong></span> <span class='ocrx_word' id='word_1_17' title='bbox 780 749 927 812; x_wconf 92' lang='lat' dir='ltr'><strong>quorum</strong></span> <span class='ocrx_word' id='word_1_18' title='bbox 945 739 1021 795; x_wconf 85' lang='lat' dir='ltr'><strong>erat</strong></span> <span class='ocrx_word' id='word_1_19' title='bbox 1038 731 1149 815; x_wconf 88' lang='lat' dir='ltr'><strong>major</strong></span> 
     </span>
     <span class='ocr_line' id='line_1_4' title="bbox 199 830 1149 912; baseline -0.002 -16"><span class='ocrx_word' id='word_1_20' title='bbox 199 830 496 896; x_wconf 83' lang='lat' dir='ltr'><strong>exhaeredatorum</strong></span> <span class='ocrx_word' id='word_1_21' title='bbox 518 849 693 906; x_wconf 72' lang='lat' dir='ltr'><strong>numeruS,</strong></span> <span class='ocrx_word' id='word_1_22' title='bbox 710 848 797 912; x_wconf 91' lang='lat' dir='ltr'><strong>quos</strong></span> <span class='ocrx_word' id='word_1_23' title='bbox 812 830 848 892; x_wconf 94' lang='lat' dir='ltr'><strong>in</strong></span> <span class='ocrx_word' id='word_1_24' title='bbox 863 837 1007 893; x_wconf 86' lang='lat' dir='ltr'><strong>martem</strong></span> <span class='ocrx_word' id='word_1_25' title='bbox 1025 849 1149 894; x_wconf 78' lang='lat' dir='ltr'><strong>accen-</strong></span> 
     </span>
     <span class='ocr_line' id='line_1_5' title="bbox 197 928 1148 995; baseline 0.003 -3"><span class='ocrx_word' id='word_1_26' title='bbox 197 929 301 993; x_wconf 89' lang='lat' dir='ltr'><strong>debat</strong></span> <span class='ocrx_word' id='word_1_27' title='bbox 319 949 433 993; x_wconf 89' lang='lat' dir='ltr'><strong>rerum</strong></span> <span class='ocrx_word' id='word_1_28' title='bbox 455 929 661 992; x_wconf 86' lang='lat' dir='ltr'><strong>amissarum</strong></span> <span class='ocrx_word' id='word_1_29' title='bbox 687 928 786 992; x_wconf 90' lang='lat' dir='ltr'><strong>dolor</strong></span> <span class='ocrx_word' id='word_1_30' title='bbox 802 934 837 992; x_wconf 91' lang='lat' dir='ltr'><strong>et</strong></span> <span class='ocrx_word' id='word_1_31' title='bbox 858 930 998 993; x_wconf 90' lang='lat' dir='ltr'><strong>conscia</strong></span> <span class='ocrx_word' id='word_1_32' title='bbox 1013 930 1148 995; x_wconf 81' lang='lat' dir='ltr'><strong>virtus:</strong></span> 
     </span>
     <span class='ocr_line' id='line_1_6' title="bbox 198 1026 1155 1111; baseline 0.001 -20"><span class='ocrx_word' id='word_1_33' title='bbox 198 1029 357 1111; x_wconf 87' lang='lat' dir='ltr'><strong>quamvis</strong></span> <span class='ocrx_word' id='word_1_34' title='bbox 380 1035 456 1093; x_wconf 91' lang='lat' dir='ltr'><strong>toto</strong></span> <span class='ocrx_word' id='word_1_35' title='bbox 478 1029 613 1104; x_wconf 89' lang='lat' dir='ltr'><strong>itinere,</strong></span> <span class='ocrx_word' id='word_1_36' title='bbox 629 1027 728 1109; x_wconf 82' lang='lat' dir='ltr'><strong>quod</strong></span> <span class='ocrx_word' id='word_1_37' title='bbox 756 1027 974 1110; x_wconf 84' lang='lat' dir='ltr'><strong>protenditur</strong></span> <span class='ocrx_word' id='word_1_38' title='bbox 1000 1048 1021 1092; x_wconf 88' lang='lat' dir='ltr'><strong>a</strong></span> <span class='ocrx_word' id='word_1_39' title='bbox 1043 1026 1155 1092; x_wconf 70' lang='lat' dir='ltr'><strong>eloe--</strong></span> 
     </span>
     <span class='ocr_line' id='line_1_7' title="bbox 198 1126 1147 1207; baseline -0.002 -15"><span class='ocrx_word' id='word_1_40' title='bbox 198 1134 312 1192; x_wconf 86' lang='lat' dir='ltr'><strong>cestra</strong></span> <span class='ocrx_word' id='word_1_41' title='bbox 328 1128 364 1190; x_wconf 91' lang='lat' dir='ltr'><strong>in</strong></span> <span class='ocrx_word' id='word_1_42' title='bbox 381 1126 655 1200; x_wconf 80' lang='lat' dir='ltr'><strong>lindocolinum,</strong></span> <span class='ocrx_word' id='word_1_43' title='bbox 677 1126 752 1207; x_wconf 90' lang='lat' dir='ltr'><strong>ipse</strong></span> <span class='ocrx_word' id='word_1_44' title='bbox 775 1127 899 1190; x_wconf 86' lang='lat' dir='ltr'><strong>callide</strong></span> <span class='ocrx_word' id='word_1_45' title='bbox 921 1127 1147 1192; x_wconf 88' lang='lat' dir='ltr'><strong>intentionem</strong></span> 
     </span>
     <span class='ocr_line' id='line_1_8' title="bbox 197 1225 1146 1308; baseline 0.001 -19"><span class='ocrx_word' id='word_1_46' title='bbox 197 1227 441 1304; x_wconf 82' lang='lat' dir='ltr'><strong>dissimularet,</strong></span> <span class='ocrx_word' id='word_1_47' title='bbox 456 1225 661 1308; x_wconf 88' lang='lat' dir='ltr'><strong>quibusdam</strong></span> <span class='ocrx_word' id='word_1_48' title='bbox 684 1225 887 1308; x_wconf 82' lang='lat' dir='ltr'><strong>ambagibus</strong></span> <span class='ocrx_word' id='word_1_49' title='bbox 913 1232 1024 1290; x_wconf 92' lang='lat' dir='ltr'><strong>totum</strong></span> <span class='ocrx_word' id='word_1_50' title='bbox 1046 1245 1146 1290; x_wconf 86' lang='lat' dir='ltr'><strong>exer·</strong></span> 
     </span>
     <span class='ocr_line' id='line_1_9' title="bbox 198 1325 932 1408; baseline -0.001 -18"><span class='ocrx_word' id='word_1_51' title='bbox 198 1327 305 1390; x_wconf 91' lang='lat' dir='ltr'><strong>citum</strong></span> <span class='ocrx_word' id='word_1_52' title='bbox 320 1332 448 1408; x_wconf 84' lang='lat' dir='ltr'><strong>praeter</strong></span> <span class='ocrx_word' id='word_1_53' title='bbox 463 1325 690 1407; x_wconf 85' lang='lat' dir='ltr'><strong>paucissimos</strong></span> <span class='ocrx_word' id='word_1_54' title='bbox 706 1325 932 1408; x_wconf 90' lang='lat' dir='ltr'><strong>suspendens.</strong></span> 
     </span>
    </p>
   </div>
   <div class='ocr_carea' id='block_1_3' title="bbox 221 1514 1119 1660">
    <p class='ocr_par' dir='ltr' id='par_1_3' title="bbox 221 1514 1119 1660">
     <span class='ocr_line' id='line_1_10' title="bbox 221 1514 1119 1562; baseline 0.002 -2"><span class='ocrx_word' id='word_1_55' title='bbox 221 1514 270 1560; x_wconf 82' lang='lat' dir='ltr'><strong>DE</strong></span> <span class='ocrx_word' id='word_1_56' title='bbox 293 1514 417 1562; x_wconf 79' lang='lat' dir='ltr'>PUGNA</span> <span class='ocrx_word' id='word_1_57' title='bbox 440 1514 587 1562; x_wconf 81' lang='lat' dir='ltr'><strong>COMl&#39;l&#39;lS</strong></span> <span class='ocrx_word' id='word_1_58' title='bbox 609 1515 849 1562; x_wconf 81' lang='lat' dir='ltr'><strong>GLOEGESTRAE</strong></span> <span class='ocrx_word' id='word_1_59' title='bbox 872 1515 916 1561; x_wconf 83' lang='lat' dir='ltr'><strong>ET</strong></span> <span class='ocrx_word' id='word_1_60' title='bbox 939 1515 1119 1562; x_wconf 77' lang='lat' dir='ltr'>CAPTIONE</span> 
     </span>
     <span class='ocr_line' id='line_1_11' title="bbox 614 1613 730 1660; baseline -0.017 0"><span class='ocrx_word' id='word_1_61' title='bbox 614 1613 730 1660; x_wconf 83' lang='lat' dir='ltr'><strong>REGIS.</strong></span> 
     </span>
    </p>
   </div>
   <div class='ocr_carea' id='block_1_4' title="bbox 156 1719 1279 1828">
    <p class='ocr_par' dir='ltr' id='par_1_4' title="bbox 156 1719 1279 1828">
     <span class='ocr_line' id='line_1_12' title="bbox 156 1719 1279 1828; baseline -0.001 -43"><span class='ocrx_word' id='word_1_62' title='bbox 156 1723 161 1727; x_wconf 88' lang='grc'><strong>’</strong></span> <span class='ocrx_word' id='word_1_63' title='bbox 248 1719 341 1803; x_wconf 79' lang='lat' dir='ltr'><strong>§la</strong></span> <span class='ocrx_word' id='word_1_64' title='bbox 364 1719 519 1784; x_wconf 83' lang='lat' dir='ltr'><strong>Ventum</strong></span> <span class='ocrx_word' id='word_1_65' title='bbox 543 1720 588 1784; x_wconf 88' lang='lat' dir='ltr'><strong>ad</strong></span> <span class='ocrx_word' id='word_1_66' title='bbox 614 1739 811 1804; x_wconf 90' lang='lat' dir='ltr'><strong>supremum</strong></span> <span class='ocrx_word' id='word_1_67' title='bbox 835 1721 911 1802; x_wconf 91' lang='lat' dir='ltr'><strong>ipso</strong></span> <span class='ocrx_word' id='word_1_68' title='bbox 937 1721 992 1785; x_wconf 93' lang='lat' dir='ltr'><strong>die</strong></span> <span class='ocrx_word' id='word_1_69' title='bbox 1018 1722 1144 1786; x_wconf 86' lang='lat' dir='ltr'><strong>Purifi-</strong></span> <span class='ocrx_word' id='word_1_70' title='bbox 1155 1738 1219 1828; x_wconf 52' lang='lat'><strong>,⁵135</strong></span> <span class='ocrx_word' id='word_1_71' title='bbox 1220 1737 1279 1828; x_wconf 78' lang='lat'>,¹¹⁴¹&#39;</span> 
     </span>
    </p>
   </div>
   <div class='ocr_carea' id='block_1_5' title="bbox 194 1819 1283 3980">
    <p class='ocr_par' dir='ltr' id='par_1_5' title="bbox 194 1819 1283 3980">
     <span class='ocr_line' id='line_1_13' title="bbox 197 1819 1283 1926; baseline 0.002 -44"><span class='ocrx_word' id='word_1_72' title='bbox 197 1821 344 1883; x_wconf 89' lang='lat' dir='ltr'><strong>cationis</strong></span> <span class='ocrx_word' id='word_1_73' title='bbox 358 1821 568 1883; x_wconf 74' lang='lat' dir='ltr'><strong>beatissimae</strong></span> <span class='ocrx_word' id='word_1_74' title='bbox 587 1820 723 1897; x_wconf 82' lang='lat' dir='ltr'><strong>Mariae,</strong></span> <span class='ocrx_word' id='word_1_75' title='bbox 739 1819 783 1883; x_wconf 92' lang='lat' dir='ltr'><strong>ad</strong></span> <span class='ocrx_word' id='word_1_76' title='bbox 800 1820 927 1884; x_wconf 88' lang='lat' dir='ltr'><strong>flumen</strong></span> <span class='ocrx_word' id='word_1_77' title='bbox 942 1821 1035 1902; x_wconf 94' lang='lat' dir='ltr'><strong>quod</strong></span> <span class='ocrx_word' id='word_1_78' title='bbox 1051 1823 1144 1886; x_wconf 87' lang='lat' dir='ltr'><strong>inter</strong></span> <span class='ocrx_word' id='word_1_79' title='bbox 1156 1838 1283 1926; x_wconf 53' lang='lat' dir='ltr'><strong>uenenato</strong></span> 
     </span>
     <span class='ocr_line' id='line_1_14' title="bbox 196 1893 1262 2001; baseline -0.004 -20"><span class='ocrx_word' id='word_1_80' title='bbox 196 1918 283 1982; x_wconf 89' lang='lat' dir='ltr'><strong>duos</strong></span> <span class='ocrx_word' id='word_1_81' title='bbox 315 1920 488 1983; x_wconf 83' lang='lat' dir='ltr'><strong>exercitus</strong></span> <span class='ocrx_word' id='word_1_82' title='bbox 525 1919 798 2001; x_wconf 83' lang='lat' dir='ltr'><strong>praeterfluebat,</strong></span> <span class='ocrx_word' id='word_1_83' title='bbox 825 1919 957 1983; x_wconf 86' lang='lat' dir='ltr'><strong>Trenta</strong></span> <span class='ocrx_word' id='word_1_84' title='bbox 993 1923 1142 1998; x_wconf 86' lang='lat' dir='ltr'><strong>nomine,</strong></span> <span class='ocrx_word' id='word_1_85' title='bbox 1155 1893 1262 1988; x_wconf 49' lang='lat' dir='ltr'><strong>iiiiii?</strong></span> 
     </span>
     <span class='ocr_line' id='line_1_15' title="bbox 195 2017 1143 2100; baseline 0.004 -20"><span class='ocrx_word' id='word_1_86' title='bbox 195 2017 287 2100; x_wconf 92' lang='lat' dir='ltr'><strong>quod</strong></span> <span class='ocrx_word' id='word_1_87' title='bbox 314 2024 350 2081; x_wconf 86' lang='lat' dir='ltr'><strong>et</strong></span> <span class='ocrx_word' id='word_1_88' title='bbox 376 2024 456 2082; x_wconf 91' lang='lat' dir='ltr'><strong>ortu</strong></span> <span class='ocrx_word' id='word_1_89' title='bbox 483 2037 559 2096; x_wconf 90' lang='lat' dir='ltr'><strong>suo,</strong></span> <span class='ocrx_word' id='word_1_90' title='bbox 585 2026 620 2082; x_wconf 87' lang='lat' dir='ltr'><strong>et</strong></span> <span class='ocrx_word' id='word_1_91' title='bbox 642 2019 839 2100; x_wconf 81' lang='lat' dir='ltr'><strong>pluviarum</strong></span> <span class='ocrx_word' id='word_1_92' title='bbox 861 2018 1045 2100; x_wconf 88' lang='lat' dir='ltr'><strong>profluvio,</strong></span> <span class='ocrx_word' id='word_1_93' title='bbox 1071 2027 1143 2084; x_wconf 86' lang='lat' dir='ltr'><strong>tam</strong></span> 
     </span>
     <span class='ocr_line' id='line_1_16' title="bbox 195 2116 1142 2198; baseline 0.003 -19"><span class='ocrx_word' id='word_1_94' title='bbox 195 2135 360 2198; x_wconf 77' lang='lat' dir='ltr'><strong>magnum</strong></span> <span class='ocrx_word' id='word_1_95' title='bbox 391 2116 505 2181; x_wconf 80' lang='lat' dir='ltr'><strong>fuerat</strong></span> <span class='ocrx_word' id='word_1_96' title='bbox 533 2124 573 2180; x_wconf 87' lang='lat' dir='ltr'><strong>ut</strong></span> <span class='ocrx_word' id='word_1_97' title='bbox 607 2117 805 2181; x_wconf 86' lang='lat' dir='ltr'><strong>nullatenus</strong></span> <span class='ocrx_word' id='word_1_98' title='bbox 834 2116 925 2181; x_wconf 89' lang='lat' dir='ltr'><strong>vado</strong></span> <span class='ocrx_word' id='word_1_99' title='bbox 958 2119 1142 2182; x_wconf 80' lang='lat' dir='ltr'><strong>transitum</strong></span> 
     </span>
     <span class='ocr_line' id='line_1_17' title="bbox 195 2211 1143 2298; baseline 0.004 -22"><span class='ocrx_word' id='word_1_100' title='bbox 195 2216 376 2298; x_wconf 78' lang='lat' dir='ltr'><strong>praeberet.</strong></span> <span class='ocrx_word' id='word_1_101' title='bbox 412 2215 502 2279; x_wconf 85' lang='lat' dir='ltr'><strong>Tum</strong></span> <span class='ocrx_word' id='word_1_102' title='bbox 521 2211 656 2280; x_wconf 83' lang='lat' dir='ltr'><strong>demum</strong></span> <span class='ocrx_word' id='word_1_103' title='bbox 673 2222 708 2280; x_wconf 91' lang='lat' dir='ltr'><strong>et</strong></span> <span class='ocrx_word' id='word_1_104' title='bbox 719 2236 858 2298; x_wconf 82' lang='lat' dir='ltr'><strong>genero,</strong></span> <span class='ocrx_word' id='word_1_105' title='bbox 869 2217 929 2298; x_wconf 92' lang='lat' dir='ltr'><strong>qui</strong></span> <span class='ocrx_word' id='word_1_106' title='bbox 943 2236 1022 2280; x_wconf 92' lang='lat' dir='ltr'><strong>cum</strong></span> <span class='ocrx_word' id='word_1_107' title='bbox 1037 2236 1143 2282; x_wconf 90' lang='lat' dir='ltr'><strong>manu</strong></span> 
     </span>
     <span class='ocr_line' id='line_1_18' title="bbox 194 2314 1141 2397; baseline 0.001 -18"><span class='ocrx_word' id='word_1_108' title='bbox 194 2314 312 2379; x_wconf 91' lang='lat' dir='ltr'><strong>valida</strong></span> <span class='ocrx_word' id='word_1_109' title='bbox 325 2321 534 2393; x_wconf 89' lang='lat' dir='ltr'><strong>occurrerat,</strong></span> <span class='ocrx_word' id='word_1_110' title='bbox 552 2322 587 2378; x_wconf 87' lang='lat' dir='ltr'><strong>et</strong></span> <span class='ocrx_word' id='word_1_111' title='bbox 603 2316 737 2379; x_wconf 86' lang='lat' dir='ltr'><strong>caeteris</strong></span> <span class='ocrx_word' id='word_1_112' title='bbox 747 2334 835 2397; x_wconf 91' lang='lat' dir='ltr'><strong>quos</strong></span> <span class='ocrx_word' id='word_1_113' title='bbox 849 2315 1064 2393; x_wconf 87' lang='lat' dir='ltr'><strong>ductaverat,</strong></span> <span class='ocrx_word' id='word_1_114' title='bbox 1081 2316 1141 2380; x_wconf 87' lang='lat' dir='ltr'><strong>de-</strong></span> 
     </span>
     <span class='ocr_line' id='line_1_19' title="bbox 196 2414 1141 2498; baseline 0.001 -19"><span class='ocrx_word' id='word_1_115' title='bbox 196 2421 318 2495; x_wconf 82' lang='lat' dir='ltr'><strong>tegens</strong></span> <span class='ocrx_word' id='word_1_116' title='bbox 340 2415 504 2491; x_wconf 87' lang='lat' dir='ltr'><strong>animum,</strong></span> <span class='ocrx_word' id='word_1_117' title='bbox 520 2415 586 2477; x_wconf 91' lang='lat' dir='ltr'><strong>hoc</strong></span> <span class='ocrx_word' id='word_1_118' title='bbox 609 2414 674 2478; x_wconf 88' lang='lat' dir='ltr'><strong>sibi</strong></span> <span class='ocrx_word' id='word_1_119' title='bbox 696 2415 911 2497; x_wconf 86' lang='lat' dir='ltr'><strong>propositum</strong></span> <span class='ocrx_word' id='word_1_120' title='bbox 921 2415 996 2498; x_wconf 88' lang='lat' dir='ltr'><strong>jam</strong></span> <span class='ocrx_word' id='word_1_121' title='bbox 1012 2414 1141 2480; x_wconf 89' lang='lat' dir='ltr'><strong>dudum</strong></span> 
     </span>
     <span class='ocr_line' id='line_1_20' title="bbox 196 2512 1143 2596; baseline 0.002 -20"><span class='ocrx_word' id='word_1_122' title='bbox 196 2532 272 2576; x_wconf 88' lang='lat' dir='ltr'><strong>esse</strong></span> <span class='ocrx_word' id='word_1_123' title='bbox 286 2512 424 2595; x_wconf 89' lang='lat' dir='ltr'><strong>adjecit,</strong></span> <span class='ocrx_word' id='word_1_124' title='bbox 439 2513 531 2594; x_wconf 91' lang='lat' dir='ltr'><strong>quod</strong></span> <span class='ocrx_word' id='word_1_125' title='bbox 547 2513 642 2576; x_wconf 90' lang='lat' dir='ltr'><strong>nulla</strong></span> <span class='ocrx_word' id='word_1_126' title='bbox 653 2533 806 2596; x_wconf 88' lang='lat' dir='ltr'><strong>unquam</strong></span> <span class='ocrx_word' id='word_1_127' title='bbox 820 2515 1026 2578; x_wconf 84' lang='lat' dir='ltr'><strong>necessitate</strong></span> <span class='ocrx_word' id='word_1_128' title='bbox 1042 2521 1143 2596; x_wconf 84' lang='lat' dir='ltr'><strong>terga</strong></span> 
     </span>
     <span class='ocr_line' id='line_1_21' title="bbox 195 2612 1142 2694; baseline -0.001 -17"><span class='ocrx_word' id='word_1_129' title='bbox 195 2619 368 2691; x_wconf 88' lang='lat' dir='ltr'><strong>verteret;</strong></span> <span class='ocrx_word' id='word_1_130' title='bbox 391 2613 447 2676; x_wconf 92' lang='lat' dir='ltr'><strong>vel</strong></span> <span class='ocrx_word' id='word_1_131' title='bbox 468 2612 681 2677; x_wconf 91' lang='lat' dir='ltr'><strong>moriendum</strong></span> <span class='ocrx_word' id='word_1_132' title='bbox 697 2613 753 2676; x_wconf 91' lang='lat' dir='ltr'><strong>vel</strong></span> <span class='ocrx_word' id='word_1_133' title='bbox 775 2612 979 2694; x_wconf 88' lang='lat' dir='ltr'><strong>capiendum</strong></span> <span class='ocrx_word' id='word_1_134' title='bbox 1001 2633 1088 2690; x_wconf 91' lang='lat' dir='ltr'><strong>esse,</strong></span> <span class='ocrx_word' id='word_1_135' title='bbox 1112 2613 1142 2676; x_wconf 91' lang='lat' dir='ltr'><strong>si</strong></span> 
     </span>
     <span class='ocr_line' id='line_1_22' title="bbox 195 2710 1143 2794; baseline 0 -19"><span class='ocrx_word' id='word_1_136' title='bbox 195 2731 266 2775; x_wconf 92' lang='lat' dir='ltr'><strong>non</strong></span> <span class='ocrx_word' id='word_1_137' title='bbox 279 2710 431 2774; x_wconf 90' lang='lat' dir='ltr'><strong>vicisset.</strong></span> <span class='ocrx_word' id='word_1_138' title='bbox 483 2711 627 2775; x_wconf 83' lang='lat' dir='ltr'><strong>Cunctis</strong></span> <span class='ocrx_word' id='word_1_139' title='bbox 648 2712 757 2793; x_wconf 78' lang='lat' dir='ltr'><strong>igitur</strong></span> <span class='ocrx_word' id='word_1_140' title='bbox 768 2713 860 2775; x_wconf 88' lang='lat' dir='ltr'><strong>bona</strong></span> <span class='ocrx_word' id='word_1_141' title='bbox 873 2712 1065 2794; x_wconf 85' lang='lat' dir='ltr'><strong>speipsum</strong></span> <span class='ocrx_word' id='word_1_142' title='bbox 1078 2713 1143 2775; x_wconf 90' lang='lat' dir='ltr'><strong>im·</strong></span> 
     </span>
     <span class='ocr_line' id='line_1_23' title="bbox 195 2807 1143 2896; baseline 0.002 -23"><span class='ocrx_word' id='word_1_143' title='bbox 195 2810 381 2892; x_wconf 88' lang='lat' dir='ltr'><strong>plentibus,</strong></span> <span class='ocrx_word' id='word_1_144' title='bbox 394 2809 567 2896; x_wconf 88' lang='lat' dir='ltr'><strong>(mirabile</strong></span> <span class='ocrx_word' id='word_1_145' title='bbox 590 2807 741 2894; x_wconf 88' lang='lat' dir='ltr'><strong>auditu,)</strong></span> <span class='ocrx_word' id='word_1_146' title='bbox 755 2812 849 2875; x_wconf 91' lang='lat' dir='ltr'><strong>illico</strong></span> <span class='ocrx_word' id='word_1_147' title='bbox 864 2809 946 2875; x_wconf 88' lang='lat' dir='ltr'><strong>belli</strong></span> <span class='ocrx_word' id='word_1_148' title='bbox 960 2811 1143 2875; x_wconf 81' lang='lat' dir='ltr'><strong>discrimen</strong></span> 
     </span>
     <span class='ocr_line' id='line_1_24' title="bbox 195 2910 1143 2994; baseline 0.003 -23"><span class='ocrx_word' id='word_1_149' title='bbox 195 2910 356 2987; x_wconf 88' lang='lat' dir='ltr'><strong>initurus,</strong></span> <span class='ocrx_word' id='word_1_150' title='bbox 370 2910 528 2991; x_wconf 87' lang='lat' dir='ltr'><strong>praedicti</strong></span> <span class='ocrx_word' id='word_1_151' title='bbox 549 2911 776 2994; x_wconf 81' lang='lat' dir='ltr'><strong>rapacitatem</strong></span> <span class='ocrx_word' id='word_1_152' title='bbox 794 2910 945 2973; x_wconf 89' lang='lat' dir='ltr'><strong>fluminis</strong></span> <span class='ocrx_word' id='word_1_153' title='bbox 967 2929 1044 2972; x_wconf 92' lang='lat' dir='ltr'><strong>cum</strong></span> <span class='ocrx_word' id='word_1_154' title='bbox 1070 2931 1143 2974; x_wconf 90' lang='lat' dir='ltr'><strong>om-</strong></span> 
     </span>
     <span class='ocr_line' id='line_1_25' title="bbox 195 3002 1142 3090; baseline 0.002 -20"><span class='ocrx_word' id='word_1_155' title='bbox 195 3009 296 3072; x_wconf 89' lang='lat' dir='ltr'><strong>nibus</strong></span> <span class='ocrx_word' id='word_1_156' title='bbox 311 3009 382 3071; x_wconf 90' lang='lat' dir='ltr'><strong>suis</strong></span> <span class='ocrx_word' id='word_1_157' title='bbox 399 3008 513 3072; x_wconf 90' lang='lat' dir='ltr'><strong>nando</strong></span> <span class='ocrx_word' id='word_1_158' title='bbox 532 3002 770 3090; x_wconf 79' lang='lat' dir='ltr'><strong>transgressus</strong></span> <span class='ocrx_word' id='word_1_159' title='bbox 793 3015 856 3073; x_wconf 92' lang='lat' dir='ltr'><strong>est.</strong></span> <span class='ocrx_word' id='word_1_160' title='bbox 907 3007 1043 3072; x_wconf 84' lang='lat' dir='ltr'><strong>Tantus</strong></span> <span class='ocrx_word' id='word_1_161' title='bbox 1066 3017 1142 3072; x_wconf 88' lang='lat' dir='ltr'><strong>erat</strong></span> 
     </span>
     <span class='ocr_line' id='line_1_26' title="bbox 197 3100 1141 3188; baseline 0 -18"><span class='ocrx_word' id='word_1_162' title='bbox 197 3107 314 3170; x_wconf 92' lang='lat' dir='ltr'><strong>comiti</strong></span> <span class='ocrx_word' id='word_1_163' title='bbox 336 3106 438 3170; x_wconf 87' lang='lat' dir='ltr'><strong>ardor</strong></span> <span class='ocrx_word' id='word_1_164' title='bbox 463 3106 566 3170; x_wconf 87' lang='lat' dir='ltr'><strong>finem</strong></span> <span class='ocrx_word' id='word_1_165' title='bbox 594 3100 711 3169; x_wconf 87' lang='lat' dir='ltr'><strong>¹malis</strong></span> <span class='ocrx_word' id='word_1_166' title='bbox 741 3107 929 3188; x_wconf 82' lang='lat' dir='ltr'><strong>imponere,</strong></span> <span class='ocrx_word' id='word_1_167' title='bbox 957 3114 997 3170; x_wconf 87' lang='lat' dir='ltr'><strong>ut</strong></span> <span class='ocrx_word' id='word_1_168' title='bbox 1022 3108 1141 3171; x_wconf 88' lang='lat' dir='ltr'><strong>mallet</strong></span> 
     </span>
     <span class='ocr_line' id='line_1_27' title="bbox 196 3204 1140 3286; baseline 0.001 -19"><span class='ocrx_word' id='word_1_169' title='bbox 196 3205 318 3267; x_wconf 86' lang='lat' dir='ltr'><strong>ultima</strong></span> <span class='ocrx_word' id='word_1_170' title='bbox 340 3204 491 3286; x_wconf 88' lang='lat' dir='ltr'><strong>experiri</strong></span> <span class='ocrx_word' id='word_1_171' title='bbox 504 3223 608 3286; x_wconf 84' lang='lat' dir='ltr'><strong>quam</strong></span> <span class='ocrx_word' id='word_1_172' title='bbox 630 3205 729 3284; x_wconf 84' lang='lat' dir='ltr'><strong>regni</strong></span> <span class='ocrx_word' id='word_1_173' title='bbox 744 3204 976 3268; x_wconf 85' lang='lat' dir='ltr'><strong>calamitatem</strong></span> <span class='ocrx_word' id='word_1_174' title='bbox 994 3204 1140 3269; x_wconf 88' lang='lat' dir='ltr'><strong>ulterius</strong></span> 
     </span>
     <span class='ocr_line' id='line_1_28' title="bbox 196 3303 1143 3386; baseline 0.001 -20"><span class='ocrx_word' id='word_1_175' title='bbox 196 3303 376 3385; x_wconf 88' lang='lat' dir='ltr'><strong>protendi:</strong></span> <span class='ocrx_word' id='word_1_176' title='bbox 400 3323 481 3367; x_wconf 89' lang='lat' dir='ltr'><strong>nam</strong></span> <span class='ocrx_word' id='word_1_177' title='bbox 503 3311 539 3368; x_wconf 91' lang='lat' dir='ltr'><strong>et</strong></span> <span class='ocrx_word' id='word_1_178' title='bbox 554 3323 616 3368; x_wconf 86' lang='lat' dir='ltr'><strong>rex</strong></span> <span class='ocrx_word' id='word_1_179' title='bbox 632 3323 709 3367; x_wconf 91' lang='lat' dir='ltr'><strong>cum</strong></span> <span class='ocrx_word' id='word_1_180' title='bbox 732 3303 914 3367; x_wconf 88' lang='lat' dir='ltr'><strong>comitibus</strong></span> <span class='ocrx_word' id='word_1_181' title='bbox 931 3305 1143 3386; x_wconf 88' lang='lat' dir='ltr'><strong>quampluri-</strong></span> 
     </span>
     <span class='ocr_line' id='line_1_29' title="bbox 196 3401 1141 3484; baseline 0.001 -19"><span class='ocrx_word' id='word_1_182' title='bbox 196 3403 274 3479; x_wconf 92' lang='lat' dir='ltr'><strong>mis,</strong></span> <span class='ocrx_word' id='word_1_183' title='bbox 298 3409 334 3467; x_wconf 91' lang='lat' dir='ltr'><strong>et</strong></span> <span class='ocrx_word' id='word_1_184' title='bbox 358 3422 428 3466; x_wconf 92' lang='lat' dir='ltr'><strong>non</strong></span> <span class='ocrx_word' id='word_1_185' title='bbox 454 3403 557 3467; x_wconf 90' lang='lat' dir='ltr'><strong>inerti</strong></span> <span class='ocrx_word' id='word_1_186' title='bbox 578 3403 725 3466; x_wconf 90' lang='lat' dir='ltr'><strong>militum</strong></span> <span class='ocrx_word' id='word_1_187' title='bbox 753 3401 865 3484; x_wconf 87' lang='lat' dir='ltr'><strong>copia,</strong></span> <span class='ocrx_word' id='word_1_188' title='bbox 890 3403 981 3466; x_wconf 91' lang='lat' dir='ltr'><strong>bello</strong></span> <span class='ocrx_word' id='word_1_189' title='bbox 1006 3421 1044 3466; x_wconf 89' lang='lat' dir='ltr'><strong>se</strong></span> <span class='ocrx_word' id='word_1_190' title='bbox 1067 3405 1141 3466; x_wconf 88' lang='lat' dir='ltr'><strong>ani·</strong></span> 
     </span>
     <span class='ocr_line' id='line_1_30' title="bbox 196 3501 1141 3578; baseline 0.002 -14"><span class='ocrx_word' id='word_1_191' title='bbox 196 3520 302 3578; x_wconf 89' lang='lat' dir='ltr'><strong>mose,</strong></span> <span class='ocrx_word' id='word_1_192' title='bbox 327 3501 525 3567; x_wconf 89' lang='lat' dir='ltr'><strong>intermissa</strong></span> <span class='ocrx_word' id='word_1_193' title='bbox 555 3502 745 3577; x_wconf 89' lang='lat' dir='ltr'><strong>obsidione,</strong></span> <span class='ocrx_word' id='word_1_194' title='bbox 775 3502 959 3565; x_wconf 87' lang='lat' dir='ltr'><strong>obtulerat.</strong></span> <span class='ocrx_word' id='word_1_195' title='bbox 1011 3501 1141 3567; x_wconf 86' lang='lat' dir='ltr'><strong>Tenta-</strong></span> 
     </span>
     <span class='ocr_line' id='line_1_31' title="bbox 196 3601 1141 3685; baseline 0.001 -21"><span class='ocrx_word' id='word_1_196' title='bbox 196 3620 278 3664; x_wconf 87' lang='lat' dir='ltr'><strong>vere</strong></span> <span class='ocrx_word' id='word_1_197' title='bbox 296 3602 407 3683; x_wconf 90' lang='lat' dir='ltr'><strong>primo</strong></span> <span class='ocrx_word' id='word_1_198' title='bbox 431 3602 519 3683; x_wconf 83' lang='lat' dir='ltr'><strong>regii</strong></span> <span class='ocrx_word' id='word_1_199' title='bbox 542 3601 738 3685; x_wconf 90' lang='lat' dir='ltr'><strong>proludium</strong></span> <span class='ocrx_word' id='word_1_200' title='bbox 760 3620 887 3682; x_wconf 82' lang='lat' dir='ltr'><strong>pugnae</strong></span> <span class='ocrx_word' id='word_1_201' title='bbox 907 3601 1032 3678; x_wconf 88' lang='lat' dir='ltr'><strong>facere,</strong></span> <span class='ocrx_word' id='word_1_202' title='bbox 1049 3602 1141 3684; x_wconf 91' lang='lat' dir='ltr'><strong>quod</strong></span> 
     </span>
     <span class='ocr_line' id='line_1_32' title="bbox 196 3698 1142 3784; baseline 0.002 -22"><span class='ocrx_word' id='word_1_203' title='bbox 196 3698 220 3763; x_wconf 84' lang='lat' dir='ltr'>J</span> <span class='ocrx_word' id='word_1_204' title='bbox 223 3707 337 3763; x_wconf 84' lang='lat' dir='ltr'><strong>ustam</strong></span> <span class='ocrx_word' id='word_1_205' title='bbox 353 3708 492 3779; x_wconf 87' lang='lat' dir='ltr'><strong>vocant,</strong></span> <span class='ocrx_word' id='word_1_206' title='bbox 507 3702 590 3784; x_wconf 91' lang='lat' dir='ltr'><strong>quia</strong></span> <span class='ocrx_word' id='word_1_207' title='bbox 604 3702 667 3765; x_wconf 90' lang='lat' dir='ltr'><strong>tali</strong></span> <span class='ocrx_word' id='word_1_208' title='bbox 681 3700 783 3783; x_wconf 90' lang='lat' dir='ltr'><strong>periti</strong></span> <span class='ocrx_word' id='word_1_209' title='bbox 798 3706 898 3763; x_wconf 89' lang='lat' dir='ltr'><strong>erant</strong></span> <span class='ocrx_word' id='word_1_210' title='bbox 911 3708 1005 3765; x_wconf 85' lang='lat' dir='ltr'><strong>arte:</strong></span> <span class='ocrx_word' id='word_1_211' title='bbox 1030 3709 1068 3764; x_wconf 90' lang='lat' dir='ltr'><strong>at</strong></span> <span class='ocrx_word' id='word_1_212' title='bbox 1083 3701 1142 3765; x_wconf 89' lang='lat' dir='ltr'><strong>ubi</strong></span> 
     </span>
     <span class='ocr_line' id='line_1_33' title="bbox 195 3798 1141 3882; baseline 0 -20"><span class='ocrx_word' id='word_1_213' title='bbox 195 3798 358 3863; x_wconf 92' lang='lat' dir='ltr'><strong>viderunt</strong></span> <span class='ocrx_word' id='word_1_214' title='bbox 374 3799 467 3882; x_wconf 93' lang='lat' dir='ltr'><strong>quod</strong></span> <span class='ocrx_word' id='word_1_215' title='bbox 489 3799 701 3876; x_wconf 85' lang='lat' dir='ltr'><strong>consulares,</strong></span> <span class='ocrx_word' id='word_1_216' title='bbox 718 3807 758 3862; x_wconf 98' lang='lat' dir='ltr'><strong>ut</strong></span> <span class='ocrx_word' id='word_1_217' title='bbox 777 3799 828 3862; x_wconf 91' lang='lat' dir='ltr'><strong>ita</strong></span> <span class='ocrx_word' id='word_1_218' title='bbox 845 3799 974 3864; x_wconf 89' lang='lat' dir='ltr'><strong>dictum</strong></span> <span class='ocrx_word' id='word_1_219' title='bbox 997 3800 1055 3876; x_wconf 92' lang='lat' dir='ltr'><strong>sit,</strong></span> <span class='ocrx_word' id='word_1_220' title='bbox 1071 3819 1141 3863; x_wconf 92' lang='lat' dir='ltr'><strong>non</strong></span> 
     </span>
     <span class='ocr_line' id='line_1_34' title="bbox 194 3896 1141 3980; baseline 0.002 -21"><span class='ocrx_word' id='word_1_221' title='bbox 194 3896 324 3962; x_wconf 88' lang='lat' dir='ltr'><strong>lanceis</strong></span> <span class='ocrx_word' id='word_1_222' title='bbox 340 3901 485 3975; x_wconf 90' lang='lat' dir='ltr'><strong>eminus,</strong></span> <span class='ocrx_word' id='word_1_223' title='bbox 501 3898 561 3962; x_wconf 89' lang='lat' dir='ltr'><strong>sed</strong></span> <span class='ocrx_word' id='word_1_224' title='bbox 573 3899 699 3980; x_wconf 85' lang='lat' dir='ltr'><strong>gladiis</strong></span> <span class='ocrx_word' id='word_1_225' title='bbox 713 3899 868 3962; x_wconf 90' lang='lat' dir='ltr'><strong>cominus</strong></span> <span class='ocrx_word' id='word_1_226' title='bbox 884 3918 954 3962; x_wconf 92' lang='lat' dir='ltr'><strong>rem</strong></span> <span class='ocrx_word' id='word_1_227' title='bbox 970 3904 1141 3979; x_wconf 82' lang='lat' dir='ltr'><strong>gererent,</strong></span> 
     </span>
    </p>
   </div>
   <div class='ocr_carea' id='block_1_6' title="bbox 196 3997 1140 4081">
    <p class='ocr_par' dir='ltr' id='par_1_6' title="bbox 196 3997 1140 4081">
     <span class='ocr_line' id='line_1_35' title="bbox 196 3997 1140 4081; baseline 0 -21"><span class='ocrx_word' id='word_1_228' title='bbox 196 4003 231 4060; x_wconf 91' lang='lat' dir='ltr'><strong>et</strong></span> <span class='ocrx_word' id='word_1_229' title='bbox 245 3997 381 4064; x_wconf 80' lang='lat' dir='ltr'><strong>infestis</strong></span> <span class='ocrx_word' id='word_1_230' title='bbox 397 3999 529 4063; x_wconf 89' lang='lat' dir='ltr'><strong>viribus</strong></span> <span class='ocrx_word' id='word_1_231' title='bbox 542 3998 748 4080; x_wconf 80' lang='lat' dir='ltr'><strong>vexillisque</strong></span> <span class='ocrx_word' id='word_1_232' title='bbox 769 3999 878 4062; x_wconf 88' lang='lat' dir='ltr'><strong>aciem</strong></span> <span class='ocrx_word' id='word_1_233' title='bbox 892 3997 1045 4081; x_wconf 85' lang='lat' dir='ltr'><strong>regalem</strong></span> <span class='ocrx_word' id='word_1_234' title='bbox 1063 4017 1140 4080; x_wconf 90' lang='lat' dir='ltr'><strong>per-</strong></span> 
     </span>
    </p>
   </div>
   <div class='ocr_carea' id='block_1_7' title="bbox 417 4207 928 4298">
    <p class='ocr_par' dir='ltr' id='par_1_7' title="bbox 417 4207 928 4298">
     <span class='ocr_line' id='line_1_36' title="bbox 417 4207 928 4298; baseline 0.012 -15"><span class='ocrx_word' id='word_1_235' title='bbox 417 4231 535 4298; x_wconf 56' lang='lat' dir='ltr'><strong>muta]</strong></span> <span class='ocrx_word' id='word_1_236' title='bbox 553 4236 581 4285; x_wconf 79' lang='lat' dir='ltr'><strong>a.</strong></span> <span class='ocrx_word' id='word_1_237' title='bbox 597 4237 633 4287; x_wconf 85' lang='lat' dir='ltr'><strong>n.</strong></span> <span class='ocrx_word' id='word_1_238' title='bbox 650 4207 719 4298; x_wconf 58' lang='lat' dir='ltr'><strong>aa,</strong></span> <span class='ocrx_word' id='word_1_239' title='bbox 742 4239 846 4288; x_wconf 73' lang='lat' dir='ltr'><strong>omitted</strong></span> <span class='ocrx_word' id='word_1_240' title='bbox 857 4240 884 4287; x_wconf 80' lang='lat' dir='ltr'><strong>n</strong></span> <span class='ocrx_word' id='word_1_241' title='bbox 896 4239 928 4290; x_wconf 79' lang='lat' dir='ltr'><strong>r.</strong></span> 
     </span>
    </p>
   </div>
   <div class='ocr_carea' id='block_1_8' title="bbox 994 4317 1051 4380">
    <p class='ocr_par' dir='ltr' id='par_1_8' title="bbox 994 4317 1051 4380">
     <span class='ocr_line' id='line_1_37' title="bbox 994 4317 1051 4380; baseline 0.035 -2"><span class='ocrx_word' id='word_1_242' title='bbox 994 4317 1051 4380; x_wconf 82' lang='lat'><strong>30</strong></span> 
     </span>
    </p>
   </div>
   <div class='ocr_carea' id='block_1_9' title="bbox 0 0 1544 4960">
    <p class='ocr_par' dir='ltr' id='par_1_9' title="bbox 0 0 1544 4960">
     <span class='ocr_line' id='line_1_38' title="bbox 0 0 1544 4960; baseline 0 0"><span class='ocrx_word' id='word_1_243' title='bbox 0 0 1544 4960; x_wconf 95' lang='lat' dir='ltr'><strong> </strong></span> 
     </span>
    </p>
   </div>
  </div>
 </body>
</html>
