3140 4974
243 496 393 576 n1n.1v.]
465 512 579 560 casm
603 512 730 560 ancum
754 512 967 562 succorum.
1130 501 1196 566 587

243 673 308 744 ret,
337 668 412 732 sine
442 668 676 750 irreparabilis
704 667 911 734 discriminis
938 677 1034 734 metu
1056 681 1194 752 gentem
1206 694 1303 736 raram

242 784 341 830 suam
363 767 406 831 de
428 787 498 830 uno
522 769 558 830 in
582 768 679 833 aliud
701 776 857 832 castrum
877 789 921 832 ne
941 769 1191 836 transduceret.
1205 746 1357 837 liffeim

208 919 214 928 ,
242 865 394 930 Evidens
422 886 505 948 ergo
534 867 738 931 miraculum
761 869 966 950 pronuncio,
997 869 1091 950 quod
1124 872 1193 935 Dei

240 965 348 1029 solius
363 973 477 1030 tutum
495 965 660 1049 suffragio
672 974 772 1032 tanta
786 968 1013 1032 barbarorum
1028 967 1192 1034 horrebat

241 1065 348 1130 natio.

293 1163 401 1248 5379.
426 1163 494 1229 Illo
520 1183 626 1243 anno,
646 1164 706 1248 qui
726 1165 793 1229 fnit
808 1164 1002 1230 Dominieee
1028 1165 1190 1232 incarna-
1202 1188 1257 1231 nn.
1268 1191 1325 1230 1101.

241 1263 346 1326 tionis
371 1263 573 1328 millesimus
606 1265 813 1330 centesimus
843 1265 988 1347 primus
1013 1265 1105 1347 ignis
1131 1285 1189 1331 sa-

240 1369 369 1440 cratus,
391 1364 452 1446 qui
480 1364 615 1429 solebat
639 1365 795 1446 vigiliam
824 1363 971 1428 Paschae
998 1364 1188 1444 illustrare,

240 1462 393 1526 tardavit
405 1463 486 1545 plus
504 1464 618 1528 solito.
671 1464 824 1529 Sabbato
848 1465 939 1528 enim
964 1464 1063 1528 lectis
1082 1466 1187 1529 alter-

239 1562 348 1625 natim
373 1562 578 1628 lectionibus
605 1563 729 1627 Graece
754 1570 790 1627 et
812 1563 949 1640 Latine,
970 1565 1186 1646 repetitoque

239 1667 292 1724 ter
308 1660 441 1744 ‘Kyrie
455 1663 608 1740 eleison,'
621 1669 655 1726 et
664 1663 760 1727 clara
772 1663 938 1745 Syrorum
950 1663 1098 1727 melodia
1107 1683 1186 1746 per·

238 1767 425 1843 strepente,
449 1782 528 1825 cum
548 1761 694 1826 necdum
717 1769 901 1845 appareret
924 1747 1029 1843 'ignis
1053 1769 1089 1826 et
1109 1762 1185 1845 jam

237 1859 399 1925 occiduus
416 1862 470 1926 sol
481 1879 661 1944 vesperam
676 1868 829 1944 urgeret,
843 1867 980 1925 noctem
994 1861 1185 1941 inveheret,

236 1959 281 2022 ab
309 1961 467 2024 omnihus
494 1981 573 2024 cum
604 1979 750 2026 moerore
775 1962 812 2024 in
838 1961 960 2024 domos
982 1961 1183 2025 discessum.

238 2057 424 2123 Placuerat
450 2061 542 2124 enim
567 2079 738 2143 perpenso
761 2061 906 2124 consilio
934 2066 974 2123 ut
998 2061 1059 2123 illa
1082 2067 1184 2124 nocte

236 2160 329 2221 omni
357 2159 494 2223 homine
511 2168 652 2224 vacaret
677 2161 790 2223 sancti
816 2158 997 2240 Sepulchri
1025 2159 1183 2236 ecclesia,

236 2277 278 2320 ne
307 2258 446 2341 aliquis,
475 2259 532 2322 cui
563 2261 722 2323 ulcerosa
749 2258 932 2340 squalebat
959 2257 1183 2336 conscientia,

235 2356 349 2420 Deum
361 2359 473 2439 magis
487 2359 639 2423 irritaret
649 2358 828 2440 ingerendi
836 2357 1061 2440 impudentia.
1084 2356 1107 2419 J
1111 2376 1184 2420 am·

235 2476 302 2538 que
316 2457 469 2521 diluculo
491 2459 618 2522 sensim
633 2459 671 2520 in
685 2458 799 2522 lucem
823 2463 994 2539 serpente,
1008 2457 1183 2539 processio

237 2555 440 2621 Latinorum
463 2557 507 2620 ad
532 2558 699 2640 templum
729 2556 925 2621 Salomonis
954 2555 1112 2633 edicitur,
1144 2563 1184 2620 ut

236 2655 283 2718 ihi
309 2656 442 2720 oraturi
469 2656 537 2721 Dei
564 2657 832 2721 misericordiam
853 2657 1059 2720 invitarent:
1092 2655 1183 2719 idem

235 2755 326 2818 circa
347 2756 565 2839 sepulchrum
590 2757 731 2822 Domini
752 2757 925 2820 faciebant
950 2756 1042 2839 Syri,
1062 2755 1098 2818 vi
1121 2755 1182 2818 do-

235 2853 317 2917 loris
331 2857 456 2920 barbas
472 2863 507 2920 et
520 2857 665 2939 capillos
680 2857 893 2921 vellicantes.
947 2854 1023 2918 Nec
1038 2854 1097 2917 diu
1120 2875 1183 2936 po-

237 2959 332 3017 tuere
352 2955 426 3038 pati
441 2955 559 3019 divina
573 2957 719 3033 viscera,
734 2954 912 3019 confestim
928 2954 1009 3034 igne
1024 2954 1061 3016 in
1077 2973 1181 3016 unam

234 3053 428 3136 lampadem
445 3055 618 3136 sepulchri
639 3055 804 3117 immisso.
851 3052 964 3131 Quem
979 3071 1057 3115 cunr
1071 3052 1182 3115 anim-

235 3153 442 3217 advertisset
477 3153 586 3234 Syrus
622 3173 685 3235 per
720 3153 890 3216 fenestras
922 3151 1182 3227 scintillantem,

233 3252 359 3333 plausu
389 3269 554 3312 manuum
582 3252 741 3314 laetitiam
766 3249 928 3332 prodens,
954 3268 1092 3312 cursum
1118 3267 1182 3329 pa·

234 3349 394 3414 triarchae
417 3349 635 3413 acceleravit.
689 3348 767 3425 Ille,
782 3349 938 3412 clavibus
954 3366 1043 3430 quas
1065 3355 1182 3431 gesta-

234 3451 295 3512 bat
310 3448 454 3531 adytum
477 3448 632 3513 aediculae
655 3446 882 3530 sepulchralis
906 3449 1077 3529 aperienS,
1094 3440 1181 3510 ¹coe-

233 3549 319 3612 leste
344 3567 471 3612 munus
493 3567 591 3612 cereo
615 3565 760 3612 accenso
789 3547 928 3625 extulit,
952 3546 1110 3611 omnibus
1137 3545 1181 3618 ad

233 3647 298 3712 hoc
313 3649 595 3712 concurrentibus
612 3647 882 3711 communicans.
928 3647 1016 3710 Mox
1032 3665 1093 3728 per
1109 3665 1182 3709 om-

232 3767 311 3811 nem
336 3747 517 3812 ecclesiam
551 3754 687 3811 caeterae
718 3747 884 3811 divinitus
911 3765 1066 3810 accensae
1099 3751 1182 3808 sunt
1209 3777 1215 3788 ·

231 3847 429 3929 lampades3
446 3848 570 3910 mirum
582 3848 618 3910 in
627 3846 765 3910 modum
775 3846 848 3924 illa,
863 3865 942 3929 quae
953 3844 1111 3926 proxime
1120 3837 1180 3906 ²il-

231 3947 433 4009 luminanda
456 3953 559 4024 esset,
572 3946 666 4010 fumo
689 3944 868 4027 praemisso
883 3945 1033 4036 vicinam
1059 3962 1180 4006 accen-

266 4164 275 4195 ¹
296 4167 397 4248 (Joeleste
414 4179 500 4214 monus
513 4179 579 4213 cereo
597 4179 693 4248 accenso
753 4188 764 4218 2
782 4183 970 4255 mmmm]
993 4185 1027 4237 A·
1046 4187 1075 4237 S·
1098 4187 1127 4240 c·
1146 4186 1182 4236 D·

229 4236 343 4365 ἓωὲιιέιτέλ
355 4236 403 4284 See
414 4235 622 4297 valenensem
635 4235 694 4296 Der,
719 4263 775 4311 Μ·
788 4261 834 4320 ω
851 4260 955 4309 omitted
967 4260 992 4306 in
1004 4259 1028 4306 Ε
1038 4261 1068 4334 1..
1087 4318 1106 4351 ,ἡ
