<?xml version="1.0" encoding="UTF-8"?>
<!DOCTYPE html PUBLIC "-//W3C//DTD XHTML 1.0 Transitional//EN"
    "http://www.w3.org/TR/xhtml1/DTD/xhtml1-transitional.dtd">
<html xmlns="http://www.w3.org/1999/xhtml" xml:lang="en" lang="en">
 <head>
  <title>
</title>
<meta http-equiv="Content-Type" content="text/html;charset=utf-8" />
  <meta name='ocr-system' content='tesseract 3.04.00' />
  <meta name='ocr-capabilities' content='ocr_page ocr_carea ocr_par ocr_line ocrx_word'/>
</head>
<body>
  <div class='ocr_page' id='page_1' title='image "./willelmimalmesb00hardgoog_0226.png"; bbox 0 0 3140 4974; ppageno 0'>
   <div class='ocr_carea' id='block_1_1' title="bbox 244 645 386 742">
    <p class='ocr_par' dir='ltr' id='par_1_1' title="bbox 244 645 386 742">
     <span class='ocr_line' id='line_1_1' title="bbox 244 645 340 685; baseline 0.01 -1"><span class='ocrx_word' id='word_1_1' title='bbox 244 645 340 685; x_wconf 68' lang='lat' dir='ltr'><strong>Baldwln</strong></span> 
     </span>
     <span class='ocr_line' id='line_1_2' title="bbox 245 695 386 742; baseline 0.028 -9"><span class='ocrx_word' id='word_1_2' title='bbox 245 695 298 742; x_wconf 78' lang='lat' dir='ltr'><strong>klug</strong></span> <span class='ocrx_word' id='word_1_3' title='bbox 306 697 386 736; x_wconf 82' lang='lat' dir='ltr'><strong>orJrru</strong></span> 
     </span>
    </p>
   </div>
   <div class='ocr_carea' id='block_1_2' title="bbox 245 717 395 785">
    <p class='ocr_par' dir='ltr' id='par_1_2' title="bbox 245 717 395 785">
     <span class='ocr_line' id='line_1_3' title="bbox 245 717 395 785; baseline 0.007 -1"><span class='ocrx_word' id='word_1_4' title='bbox 245 745 319 785; x_wconf 73' lang='lat' dir='ltr'><strong>ulem</strong></span> <span class='ocrx_word' id='word_1_5' title='bbox 386 717 395 726; x_wconf 47' lang='grc'><em>.</em></span> 
     </span>
    </p>
   </div>
   <div class='ocr_carea' id='block_1_3' title="bbox 407 454 1357 534">
    <p class='ocr_par' dir='ltr' id='par_1_3' title="bbox 407 454 1357 534">
     <span class='ocr_line' id='line_1_4' title="bbox 407 454 1357 534; baseline -0.003 -14"><span class='ocrx_word' id='word_1_6' title='bbox 407 454 473 520; x_wconf 85' lang='grc'><strong>580</strong></span> <span class='ocrx_word' id='word_1_7' title='bbox 628 470 741 519; x_wconf 69' lang='lat' dir='ltr'><strong>unsri</strong></span> <span class='ocrx_word' id='word_1_8' title='bbox 764 470 891 518; x_wconf 83' lang='lat' dir='ltr'><strong>aucun</strong></span> <span class='ocrx_word' id='word_1_9' title='bbox 915 468 1130 516; x_wconf 77' lang='lat' dir='ltr'><strong>suunouuu.</strong></span> <span class='ocrx_word' id='word_1_10' title='bbox 1203 455 1357 534; x_wconf 78' lang='lat' dir='ltr'><strong>[n1s.1v.</strong></span> 
     </span>
    </p>
   </div>
   <div class='ocr_carea' id='block_1_4' title="bbox 407 619 1357 1301">
    <p class='ocr_par' dir='ltr' id='par_1_4' title="bbox 407 619 1357 1301">
     <span class='ocr_line' id='line_1_5' title="bbox 411 619 1357 708; baseline 0.001 -19"><span class='ocrx_word' id='word_1_11' title='bbox 411 625 525 708; x_wconf 83' lang='lat' dir='ltr'><strong>[gitur</strong></span> <span class='ocrx_word' id='word_1_12' title='bbox 549 631 629 708; x_wconf 91' lang='lat' dir='ltr'><strong>post</strong></span> <span class='ocrx_word' id='word_1_13' title='bbox 649 623 952 690; x_wconf 78' lang='lat' dir='ltr'><strong>circumcisionem</strong></span> <span class='ocrx_word' id='word_1_14' title='bbox 968 625 1110 688; x_wconf 88' lang='lat' dir='ltr'><strong>Domini</strong></span> <span class='ocrx_word' id='word_1_15' title='bbox 1129 619 1293 708; x_wconf 88' lang='lat' dir='ltr'><strong>¹sumptis</strong></span> <span class='ocrx_word' id='word_1_16' title='bbox 1319 629 1357 692; x_wconf 91' lang='lat' dir='ltr'><strong>in</strong></span> 
     </span>
     <span class='ocr_line' id='line_1_6' title="bbox 407 723 1357 806; baseline 0 -17"><span class='ocrx_word' id='word_1_17' title='bbox 407 725 431 789; x_wconf 85' lang='lat' dir='ltr'>J</span> <span class='ocrx_word' id='word_1_18' title='bbox 434 725 524 788; x_wconf 90' lang='lat' dir='ltr'><strong>erico</strong></span> <span class='ocrx_word' id='word_1_19' title='bbox 538 725 674 806; x_wconf 89' lang='lat' dir='ltr'><strong>palmis,</strong></span> <span class='ocrx_word' id='word_1_20' title='bbox 691 724 784 806; x_wconf 91' lang='lat' dir='ltr'><strong>quod</strong></span> <span class='ocrx_word' id='word_1_21' title='bbox 799 725 934 805; x_wconf 85' lang='lat' dir='ltr'><strong>insigne</strong></span> <span class='ocrx_word' id='word_1_22' title='bbox 947 723 1243 806; x_wconf 83' lang='lat' dir='ltr'><strong>peregrinantium</strong></span> <span class='ocrx_word' id='word_1_23' title='bbox 1265 727 1357 791; x_wconf 88' lang='lat' dir='ltr'><strong>anti·</strong></span> 
     </span>
     <span class='ocr_line' id='line_1_7' title="bbox 407 823 1355 907; baseline 0.002 -21"><span class='ocrx_word' id='word_1_24' title='bbox 407 824 523 907; x_wconf 84' lang='lat' dir='ltr'><strong>quitus</strong></span> <span class='ocrx_word' id='word_1_25' title='bbox 546 824 709 899; x_wconf 90' lang='lat' dir='ltr'><strong>instituit,</strong></span> <span class='ocrx_word' id='word_1_26' title='bbox 731 823 830 886; x_wconf 88' lang='lat' dir='ltr'><strong>sedes</strong></span> <span class='ocrx_word' id='word_1_27' title='bbox 845 823 991 904; x_wconf 90' lang='lat' dir='ltr'><strong>quisque</strong></span> <span class='ocrx_word' id='word_1_28' title='bbox 1008 842 1091 887; x_wconf 89' lang='lat' dir='ltr'><strong>suas</strong></span> <span class='ocrx_word' id='word_1_29' title='bbox 1107 823 1234 906; x_wconf 90' lang='lat' dir='ltr'><strong>raptim</strong></span> <span class='ocrx_word' id='word_1_30' title='bbox 1256 845 1355 906; x_wconf 92' lang='lat' dir='ltr'><strong>repe-</strong></span> 
     </span>
     <span class='ocr_line' id='line_1_8' title="bbox 408 921 1357 1004; baseline 0.001 -19"><span class='ocrx_word' id='word_1_31' title='bbox 408 929 480 985; x_wconf 89' lang='lat' dir='ltr'><strong>tere</strong></span> <span class='ocrx_word' id='word_1_32' title='bbox 493 927 733 1004; x_wconf 84' lang='lat' dir='ltr'><strong>properarunt.</strong></span> <span class='ocrx_word' id='word_1_33' title='bbox 787 921 903 985; x_wconf 86' lang='lat' dir='ltr'><strong>Causa</strong></span> <span class='ocrx_word' id='word_1_34' title='bbox 917 922 1148 985; x_wconf 85' lang='lat' dir='ltr'><strong>festinationis</strong></span> <span class='ocrx_word' id='word_1_35' title='bbox 1166 929 1241 986; x_wconf 89' lang='lat' dir='ltr'><strong>erat</strong></span> <span class='ocrx_word' id='word_1_36' title='bbox 1251 931 1357 1004; x_wconf 90' lang='lat' dir='ltr'><strong>putor</strong></span> 
     </span>
     <span class='ocr_line' id='line_1_9' title="bbox 407 1019 1356 1103; baseline 0.004 -21"><span class='ocrx_word' id='word_1_37' title='bbox 407 1021 660 1084; x_wconf 89' lang='lat' dir='ltr'><strong>inconditorum</strong></span> <span class='ocrx_word' id='word_1_38' title='bbox 684 1019 904 1097; x_wconf 87' lang='lat' dir='ltr'><strong>cadaverum,</strong></span> <span class='ocrx_word' id='word_1_39' title='bbox 919 1040 1065 1103; x_wconf 91' lang='lat' dir='ltr'><strong>quorum</strong></span> <span class='ocrx_word' id='word_1_40' title='bbox 1090 1021 1141 1084; x_wconf 90' lang='lat' dir='ltr'><strong>ita</strong></span> <span class='ocrx_word' id='word_1_41' title='bbox 1167 1021 1356 1086; x_wconf 83' lang='lat' dir='ltr'><strong>exhalabat</strong></span> 
     </span>
     <span class='ocr_line' id='line_1_10' title="bbox 407 1118 1355 1201; baseline 0.004 -20"><span class='ocrx_word' id='word_1_42' title='bbox 407 1139 546 1183; x_wconf 92' lang='lat' dir='ltr'><strong>coenum</strong></span> <span class='ocrx_word' id='word_1_43' title='bbox 561 1126 602 1182; x_wconf 94' lang='lat' dir='ltr'><strong>ut</strong></span> <span class='ocrx_word' id='word_1_44' title='bbox 616 1120 728 1201; x_wconf 89' lang='lat' dir='ltr'><strong>ipsum</strong></span> <span class='ocrx_word' id='word_1_45' title='bbox 746 1119 894 1183; x_wconf 91' lang='lat' dir='ltr'><strong>violaret</strong></span> <span class='ocrx_word' id='word_1_46' title='bbox 915 1119 1053 1182; x_wconf 85' lang='lat' dir='ltr'><strong>coelum.</strong></span> <span class='ocrx_word' id='word_1_47' title='bbox 1105 1118 1278 1197; x_wconf 85' lang='lat' dir='ltr'><strong>Quocirca</strong></span> <span class='ocrx_word' id='word_1_48' title='bbox 1300 1128 1355 1200; x_wconf 55' lang='lat' dir='ltr'><strong>ta&lt;</strong></span> 
     </span>
     <span class='ocr_line' id='line_1_11' title="bbox 407 1216 1353 1301; baseline 0.003 -21"><span class='ocrx_word' id='word_1_49' title='bbox 407 1218 488 1281; x_wconf 93' lang='lat' dir='ltr'><strong>bida</strong></span> <span class='ocrx_word' id='word_1_50' title='bbox 503 1219 624 1300; x_wconf 75' lang='lat' dir='ltr'><strong>pestiS,</strong></span> <span class='ocrx_word' id='word_1_51' title='bbox 648 1219 685 1280; x_wconf 92' lang='lat' dir='ltr'><strong>in</strong></span> <span class='ocrx_word' id='word_1_52' title='bbox 709 1236 812 1281; x_wconf 88' lang='lat' dir='ltr'><strong>auras</strong></span> <span class='ocrx_word' id='word_1_53' title='bbox 834 1216 989 1294; x_wconf 77' lang='lat' dir='ltr'><strong>effluenS,</strong></span> <span class='ocrx_word' id='word_1_54' title='bbox 1004 1217 1133 1281; x_wconf 88' lang='lat' dir='ltr'><strong>multos</strong></span> <span class='ocrx_word' id='word_1_55' title='bbox 1153 1237 1197 1280; x_wconf 90' lang='lat' dir='ltr'><strong>ex</strong></span> <span class='ocrx_word' id='word_1_56' title='bbox 1218 1219 1271 1281; x_wconf 91' lang='lat' dir='ltr'><strong>his</strong></span> <span class='ocrx_word' id='word_1_57' title='bbox 1294 1222 1353 1301; x_wconf 91' lang='lat' dir='ltr'><strong>qui</strong></span> 
     </span>
    </p>
   </div>
   <div class='ocr_carea' id='block_1_5' title="bbox 401 1316 1423 3764">
    <p class='ocr_par' dir='ltr' id='par_1_5' title="bbox 404 1316 1423 2861">
     <span class='ocr_line' id='line_1_12' title="bbox 407 1316 1352 1398; baseline 0.002 -19"><span class='ocrx_word' id='word_1_58' title='bbox 407 1319 544 1381; x_wconf 89' lang='lat' dir='ltr'><strong>noviter</strong></span> <span class='ocrx_word' id='word_1_59' title='bbox 559 1324 727 1381; x_wconf 87' lang='lat' dir='ltr'><strong>venerant</strong></span> <span class='ocrx_word' id='word_1_60' title='bbox 751 1316 846 1380; x_wconf 90' lang='lat' dir='ltr'><strong>letho</strong></span> <span class='ocrx_word' id='word_1_61' title='bbox 874 1316 988 1396; x_wconf 83' lang='lat' dir='ltr'><strong>dedit3</strong></span> <span class='ocrx_word' id='word_1_62' title='bbox 1020 1317 1138 1380; x_wconf 77' lang='lat' dir='ltr'><strong>crateri</strong></span> <span class='ocrx_word' id='word_1_63' title='bbox 1163 1337 1226 1398; x_wconf 93' lang='lat' dir='ltr'><strong>per</strong></span> <span class='ocrx_word' id='word_1_64' title='bbox 1249 1318 1352 1381; x_wconf 89' lang='lat' dir='ltr'><strong>urbes</strong></span> 
     </span>
     <span class='ocr_line' id='line_1_13' title="bbox 406 1415 1423 1504; baseline 0.002 -27"><span class='ocrx_word' id='word_1_65' title='bbox 406 1417 609 1492; x_wconf 90' lang='lat' dir='ltr'><strong>maritimas,</strong></span> <span class='ocrx_word' id='word_1_66' title='bbox 633 1415 850 1478; x_wconf 85' lang='lat' dir='ltr'><strong>Tiberiadem</strong></span> <span class='ocrx_word' id='word_1_67' title='bbox 881 1415 959 1479; x_wconf 92' lang='lat' dir='ltr'><strong>dico</strong></span> <span class='ocrx_word' id='word_1_68' title='bbox 983 1422 1019 1478; x_wconf 94' lang='lat' dir='ltr'><strong>et</strong></span> <span class='ocrx_word' id='word_1_69' title='bbox 1045 1415 1242 1479; x_wconf 82' lang='lat' dir='ltr'><strong>Caesaream</strong></span> <span class='ocrx_word' id='word_1_70' title='bbox 1269 1416 1352 1480; x_wconf 91' lang='lat' dir='ltr'><strong>Phi·</strong></span> <span class='ocrx_word' id='word_1_71' title='bbox 1420 1499 1423 1504; x_wconf 15' lang='grc' dir='ltr'>ἱ</span> 
     </span>
     <span class='ocr_line' id='line_1_14' title="bbox 406 1513 1351 1596; baseline 0.004 -22"><span class='ocrx_word' id='word_1_72' title='bbox 406 1513 503 1595; x_wconf 89' lang='lat' dir='ltr'><strong>lippi,</strong></span> <span class='ocrx_word' id='word_1_73' title='bbox 516 1521 778 1578; x_wconf 87' lang='lat' dir='ltr'><strong>maturaverunt</strong></span> <span class='ocrx_word' id='word_1_74' title='bbox 796 1514 874 1591; x_wconf 92' lang='lat' dir='ltr'><strong>iter,</strong></span> <span class='ocrx_word' id='word_1_75' title='bbox 889 1514 981 1596; x_wconf 89' lang='lat' dir='ltr'><strong>quod</strong></span> <span class='ocrx_word' id='word_1_76' title='bbox 997 1533 1055 1578; x_wconf 89' lang='lat' dir='ltr'><strong>eos</strong></span> <span class='ocrx_word' id='word_1_77' title='bbox 1071 1513 1223 1578; x_wconf 82' lang='lat' dir='ltr'><strong>tenuitas</strong></span> <span class='ocrx_word' id='word_1_78' title='bbox 1239 1515 1351 1580; x_wconf 88' lang='lat' dir='ltr'><strong>victus</strong></span> 
     </span>
     <span class='ocr_line' id='line_1_15' title="bbox 406 1611 1352 1694; baseline 0.005 -21"><span class='ocrx_word' id='word_1_79' title='bbox 406 1617 442 1674; x_wconf 96' lang='lat' dir='ltr'><strong>et</strong></span> <span class='ocrx_word' id='word_1_80' title='bbox 467 1611 603 1676; x_wconf 87' lang='lat' dir='ltr'><strong>hostilis</strong></span> <span class='ocrx_word' id='word_1_81' title='bbox 629 1619 742 1676; x_wconf 89' lang='lat' dir='ltr'><strong>metus</strong></span> <span class='ocrx_word' id='word_1_82' title='bbox 766 1615 949 1694; x_wconf 83' lang='lat' dir='ltr'><strong>urgebant.</strong></span> <span class='ocrx_word' id='word_1_83' title='bbox 1001 1612 1069 1676; x_wconf 91' lang='lat' dir='ltr'><strong>Sed</strong></span> <span class='ocrx_word' id='word_1_84' title='bbox 1091 1613 1186 1690; x_wconf 83' lang='lat' dir='ltr'><strong>lami,</strong></span> <span class='ocrx_word' id='word_1_85' title='bbox 1208 1619 1249 1676; x_wconf 94' lang='lat' dir='ltr'><strong>ut</strong></span> <span class='ocrx_word' id='word_1_86' title='bbox 1265 1613 1352 1692; x_wconf 89' lang='lat' dir='ltr'><strong>dixi,</strong></span> 
     </span>
     <span class='ocr_line' id='line_1_16' title="bbox 405 1711 1350 1793; baseline 0.004 -21"><span class='ocrx_word' id='word_1_87' title='bbox 405 1711 608 1774; x_wconf 90' lang='lat' dir='ltr'><strong>consuluere</strong></span> <span class='ocrx_word' id='word_1_88' title='bbox 621 1711 747 1793; x_wconf 92' lang='lat' dir='ltr'><strong>pedum</strong></span> <span class='ocrx_word' id='word_1_89' title='bbox 765 1712 962 1776; x_wconf 90' lang='lat' dir='ltr'><strong>celeritate:</strong></span> <span class='ocrx_word' id='word_1_90' title='bbox 987 1719 1022 1776; x_wconf 91' lang='lat' dir='ltr'><strong>et</strong></span> <span class='ocrx_word' id='word_1_91' title='bbox 1039 1718 1269 1776; x_wconf 88' lang='lat' dir='ltr'><strong>trecentorum</strong></span> <span class='ocrx_word' id='word_1_92' title='bbox 1287 1715 1350 1776; x_wconf 91' lang='lat' dir='ltr'><strong>mi-</strong></span> 
     </span>
     <span class='ocr_line' id='line_1_17' title="bbox 404 1809 1351 1892; baseline 0.003 -21"><span class='ocrx_word' id='word_1_93' title='bbox 404 1809 517 1885; x_wconf 91' lang='lat' dir='ltr'><strong>litum,</strong></span> <span class='ocrx_word' id='word_1_94' title='bbox 532 1811 592 1892; x_wconf 94' lang='lat' dir='ltr'><strong>qui</strong></span> <span class='ocrx_word' id='word_1_95' title='bbox 606 1813 665 1873; x_wconf 88' lang='lat' dir='ltr'><strong>eos</strong></span> <span class='ocrx_word' id='word_1_96' title='bbox 680 1809 722 1874; x_wconf 89' lang='lat' dir='ltr'><strong>de</strong></span> <span class='ocrx_word' id='word_1_97' title='bbox 739 1809 872 1874; x_wconf 89' lang='lat' dir='ltr'><strong>Baldac</strong></span> <span class='ocrx_word' id='word_1_98' title='bbox 891 1810 1035 1874; x_wconf 85' lang='lat' dir='ltr'><strong>castello</strong></span> <span class='ocrx_word' id='word_1_99' title='bbox 1059 1811 1283 1888; x_wconf 83' lang='lat' dir='ltr'><strong>infestabant,</strong></span> <span class='ocrx_word' id='word_1_100' title='bbox 1298 1813 1351 1874; x_wconf 86' lang='lat' dir='ltr'><strong>fu-</strong></span> 
     </span>
     <span class='ocr_line' id='line_1_18' title="bbox 404 1908 1351 1990; baseline 0.002 -20"><span class='ocrx_word' id='word_1_101' title='bbox 404 1908 474 1971; x_wconf 91' lang='lat' dir='ltr'><strong>rori</strong></span> <span class='ocrx_word' id='word_1_102' title='bbox 491 1915 745 1990; x_wconf 88' lang='lat' dir='ltr'><strong>prospexerunt</strong></span> <span class='ocrx_word' id='word_1_103' title='bbox 757 1909 918 1972; x_wconf 87' lang='lat' dir='ltr'><strong>militaris</strong></span> <span class='ocrx_word' id='word_1_104' title='bbox 934 1910 1018 1972; x_wconf 87' lang='lat' dir='ltr'><strong>artis</strong></span> <span class='ocrx_word' id='word_1_105' title='bbox 1030 1908 1240 1988; x_wconf 81' lang='lat' dir='ltr'><strong>calliditate3</strong></span> <span class='ocrx_word' id='word_1_106' title='bbox 1255 1930 1351 1973; x_wconf 91' lang='lat' dir='ltr'><strong>nam-</strong></span> 
     </span>
     <span class='ocr_line' id='line_1_19' title="bbox 405 2007 1351 2090; baseline 0.003 -21"><span class='ocrx_word' id='word_1_107' title='bbox 405 2025 473 2088; x_wconf 89' lang='lat' dir='ltr'><strong>que</strong></span> <span class='ocrx_word' id='word_1_108' title='bbox 487 2007 650 2071; x_wconf 86' lang='lat' dir='ltr'><strong>simulata</strong></span> <span class='ocrx_word' id='word_1_109' title='bbox 671 2008 847 2090; x_wconf 87' lang='lat' dir='ltr'><strong>paulisper</strong></span> <span class='ocrx_word' id='word_1_110' title='bbox 868 2007 964 2089; x_wconf 87' lang='lat' dir='ltr'><strong>fuga,</strong></span> <span class='ocrx_word' id='word_1_111' title='bbox 980 2014 1020 2070; x_wconf 93' lang='lat' dir='ltr'><strong>ut</strong></span> <span class='ocrx_word' id='word_1_112' title='bbox 1034 2008 1101 2089; x_wconf 92' lang='lat' dir='ltr'><strong>ipsi</strong></span> <span class='ocrx_word' id='word_1_113' title='bbox 1117 2007 1159 2070; x_wconf 89' lang='lat' dir='ltr'><strong>de</strong></span> <span class='ocrx_word' id='word_1_114' title='bbox 1181 2010 1351 2089; x_wconf 87' lang='lat' dir='ltr'><strong>angustiis</strong></span> 
     </span>
     <span class='ocr_line' id='line_1_20' title="bbox 404 2105 1350 2183; baseline 0.004 -15"><span class='ocrx_word' id='word_1_115' title='bbox 404 2105 558 2169; x_wconf 91' lang='lat' dir='ltr'><strong>locorum</strong></span> <span class='ocrx_word' id='word_1_116' title='bbox 579 2105 765 2170; x_wconf 84' lang='lat' dir='ltr'><strong>evadentes</strong></span> <span class='ocrx_word' id='word_1_117' title='bbox 794 2107 928 2170; x_wconf 85' lang='lat' dir='ltr'><strong>Turcos</strong></span> <span class='ocrx_word' id='word_1_118' title='bbox 950 2105 1164 2183; x_wconf 85' lang='lat' dir='ltr'><strong>inducerent,</strong></span> <span class='ocrx_word' id='word_1_119' title='bbox 1190 2108 1350 2172; x_wconf 90' lang='lat' dir='ltr'><strong>consulto</strong></span> 
     </span>
     <span class='ocr_line' id='line_1_21' title="bbox 404 2204 1351 2288; baseline 0.003 -22"><span class='ocrx_word' id='word_1_120' title='bbox 404 2223 551 2281; x_wconf 90' lang='lat' dir='ltr'><strong>cessere,</strong></span> <span class='ocrx_word' id='word_1_121' title='bbox 567 2205 627 2268; x_wconf 90' lang='lat' dir='ltr'><strong>sed</strong></span> <span class='ocrx_word' id='word_1_122' title='bbox 650 2224 732 2269; x_wconf 87' lang='lat' dir='ltr'><strong>mox</strong></span> <span class='ocrx_word' id='word_1_123' title='bbox 749 2205 933 2268; x_wconf 88' lang='lat' dir='ltr'><strong>retroversi</strong></span> <span class='ocrx_word' id='word_1_124' title='bbox 952 2205 1126 2287; x_wconf 88' lang='lat' dir='ltr'><strong>dispersos</strong></span> <span class='ocrx_word' id='word_1_125' title='bbox 1149 2204 1266 2268; x_wconf 88' lang='lat' dir='ltr'><strong>hostes</strong></span> <span class='ocrx_word' id='word_1_126' title='bbox 1288 2226 1351 2288; x_wconf 92' lang='lat' dir='ltr'><strong>pro</strong></span> 
     </span>
     <span class='ocr_line' id='line_1_22' title="bbox 404 2298 1352 2368; baseline 0.004 -4"><span class='ocrx_word' id='word_1_127' title='bbox 404 2303 502 2367; x_wconf 91' lang='lat' dir='ltr'><strong>libito</strong></span> <span class='ocrx_word' id='word_1_128' title='bbox 517 2298 664 2367; x_wconf 70' lang='lat' dir='ltr'><strong>&#39;fudere</strong></span> <span class='ocrx_word' id='word_1_129' title='bbox 717 2302 933 2366; x_wconf 88' lang='lat' dir='ltr'><strong>Putaverant</strong></span> <span class='ocrx_word' id='word_1_130' title='bbox 954 2303 1006 2366; x_wconf 89' lang='lat' dir='ltr'><strong>illi</strong></span> <span class='ocrx_word' id='word_1_131' title='bbox 1027 2307 1164 2366; x_wconf 88' lang='lat' dir='ltr'><strong>nostros</strong></span> <span class='ocrx_word' id='word_1_132' title='bbox 1182 2303 1352 2368; x_wconf 89' lang='lat' dir='ltr'><strong>inhabiles</strong></span> 
     </span>
     <span class='ocr_line' id='line_1_23' title="bbox 404 2401 1350 2486; baseline 0.002 -22"><span class='ocrx_word' id='word_1_133' title='bbox 404 2421 544 2483; x_wconf 87' lang='lat' dir='ltr'><strong>pugnae,</strong></span> <span class='ocrx_word' id='word_1_134' title='bbox 559 2403 651 2484; x_wconf 89' lang='lat' dir='ltr'><strong>quod</strong></span> <span class='ocrx_word' id='word_1_135' title='bbox 671 2409 786 2465; x_wconf 91' lang='lat' dir='ltr'><strong>essent</strong></span> <span class='ocrx_word' id='word_1_136' title='bbox 810 2401 923 2484; x_wconf 89' lang='lat' dir='ltr'><strong>clypei</strong></span> <span class='ocrx_word' id='word_1_137' title='bbox 947 2421 1066 2465; x_wconf 90' lang='lat' dir='ltr'><strong>eorum</strong></span> <span class='ocrx_word' id='word_1_138' title='bbox 1085 2408 1121 2464; x_wconf 89' lang='lat' dir='ltr'><strong>et</strong></span> <span class='ocrx_word' id='word_1_139' title='bbox 1146 2421 1248 2464; x_wconf 87' lang='lat' dir='ltr'><strong>arcus</strong></span> <span class='ocrx_word' id='word_1_140' title='bbox 1273 2405 1350 2486; x_wconf 93' lang='lat' dir='ltr'><strong>plu-</strong></span> 
     </span>
     <span class='ocr_line' id='line_1_24' title="bbox 404 2500 1351 2582; baseline 0.003 -20"><span class='ocrx_word' id='word_1_141' title='bbox 404 2500 487 2563; x_wconf 91' lang='lat' dir='ltr'><strong>viali</strong></span> <span class='ocrx_word' id='word_1_142' title='bbox 501 2500 713 2563; x_wconf 87' lang='lat' dir='ltr'><strong>abundantia</strong></span> <span class='ocrx_word' id='word_1_143' title='bbox 724 2500 868 2579; x_wconf 90' lang='lat' dir='ltr'><strong>lentati;</strong></span> <span class='ocrx_word' id='word_1_144' title='bbox 892 2501 1160 2582; x_wconf 89' lang='lat' dir='ltr'><strong>nesciebantque</strong></span> <span class='ocrx_word' id='word_1_145' title='bbox 1174 2501 1266 2582; x_wconf 88' lang='lat' dir='ltr'><strong>quod</strong></span> <span class='ocrx_word' id='word_1_146' title='bbox 1281 2502 1351 2565; x_wconf 83' lang='lat' dir='ltr'><strong>non&#39;</strong></span> 
     </span>
     <span class='ocr_line' id='line_1_25' title="bbox 404 2597 1350 2679; baseline 0.006 -20"><span class='ocrx_word' id='word_1_147' title='bbox 404 2597 440 2659; x_wconf 93' lang='lat' dir='ltr'><strong>in</strong></span> <span class='ocrx_word' id='word_1_148' title='bbox 463 2617 636 2662; x_wconf 90' lang='lat' dir='ltr'><strong>armorum</strong></span> <span class='ocrx_word' id='word_1_149' title='bbox 653 2599 709 2662; x_wconf 90' lang='lat' dir='ltr'><strong>vel</strong></span> <span class='ocrx_word' id='word_1_150' title='bbox 730 2599 768 2661; x_wconf 92' lang='lat' dir='ltr'><strong>in</strong></span> <span class='ocrx_word' id='word_1_151' title='bbox 790 2599 979 2679; x_wconf 81' lang='lat' dir='ltr'><strong>tegminum</strong></span> <span class='ocrx_word' id='word_1_152' title='bbox 995 2598 1133 2676; x_wconf 89' lang='lat' dir='ltr'><strong>fiducia,</strong></span> <span class='ocrx_word' id='word_1_153' title='bbox 1148 2598 1208 2662; x_wconf 90' lang='lat' dir='ltr'><strong>sed</strong></span> <span class='ocrx_word' id='word_1_154' title='bbox 1231 2599 1267 2663; x_wconf 93' lang='lat' dir='ltr'><strong>in</strong></span> <span class='ocrx_word' id='word_1_155' title='bbox 1289 2621 1350 2664; x_wconf 84' lang='lat' dir='ltr'><strong>ex·</strong></span> 
     </span>
     <span class='ocr_line' id='line_1_26' title="bbox 404 2696 1349 2763; baseline 0.005 -5"><span class='ocrx_word' id='word_1_156' title='bbox 404 2696 543 2759; x_wconf 82' lang='lat' dir='ltr'><strong>callenti</strong></span> <span class='ocrx_word' id='word_1_157' title='bbox 557 2696 593 2761; x_wconf 90' lang='lat' dir='ltr'><strong>vi</strong></span> <span class='ocrx_word' id='word_1_158' title='bbox 607 2697 799 2760; x_wconf 89' lang='lat' dir='ltr'><strong>animorum</strong></span> <span class='ocrx_word' id='word_1_159' title='bbox 816 2704 852 2760; x_wconf 94' lang='lat' dir='ltr'><strong>et</strong></span> <span class='ocrx_word' id='word_1_160' title='bbox 869 2698 974 2762; x_wconf 90' lang='lat' dir='ltr'><strong>crudo</strong></span> <span class='ocrx_word' id='word_1_161' title='bbox 993 2699 1114 2762; x_wconf 89' lang='lat' dir='ltr'><strong>robore</strong></span> <span class='ocrx_word' id='word_1_162' title='bbox 1133 2698 1349 2763; x_wconf 88' lang='lat' dir='ltr'><strong>brachiorum</strong></span> 
     </span>
     <span class='ocr_line' id='line_1_27' title="bbox 404 2795 1034 2861; baseline 0.006 -4"><span class='ocrx_word' id='word_1_163' title='bbox 404 2795 551 2858; x_wconf 88' lang='lat' dir='ltr'><strong>victoria</strong></span> <span class='ocrx_word' id='word_1_164' title='bbox 566 2795 718 2859; x_wconf 89' lang='lat' dir='ltr'><strong>virorum</strong></span> <span class='ocrx_word' id='word_1_165' title='bbox 735 2795 914 2861; x_wconf 87' lang='lat' dir='ltr'><strong>consistat.</strong></span> <span class='ocrx_word' id='word_1_166' title='bbox 1031 2804 1034 2811; x_wconf 88' lang='lat'>&#39;</span> 
     </span>
    </p>

    <p class='ocr_par' dir='ltr' id='par_1_6' title="bbox 401 2883 1353 3764">
     <span class='ocr_line' id='line_1_28' title="bbox 456 2883 1348 2976; baseline 0.004 -20"><span class='ocrx_word' id='word_1_167' title='bbox 456 2894 565 2976; x_wconf 83' lang='lat'><strong>§375.</strong></span> <span class='ocrx_word' id='word_1_168' title='bbox 590 2894 636 2958; x_wconf 90' lang='lat' dir='ltr'><strong>Et</strong></span> <span class='ocrx_word' id='word_1_169' title='bbox 660 2902 733 2958; x_wconf 91' lang='lat' dir='ltr'><strong>tum</strong></span> <span class='ocrx_word' id='word_1_170' title='bbox 756 2894 895 2975; x_wconf 92' lang='lat' dir='ltr'><strong>quidem</strong></span> <span class='ocrx_word' id='word_1_171' title='bbox 920 2895 1142 2961; x_wconf 89' lang='lat' dir='ltr'><strong>Baldewinus</strong></span> <span class='ocrx_word' id='word_1_172' title='bbox 1168 2883 1348 2975; x_wconf 77' lang='lat' dir='ltr'><strong>Edessam,</strong></span> 
     </span>
     <span class='ocr_line' id='line_1_29' title="bbox 405 2991 1350 3070; baseline 0.004 -15"><span class='ocrx_word' id='word_1_173' title='bbox 405 2992 630 3056; x_wconf 90' lang='lat' dir='ltr'><strong>Boamundus</strong></span> <span class='ocrx_word' id='word_1_174' title='bbox 646 3013 728 3058; x_wconf 82' lang='lat' dir='ltr'><strong>uero</strong></span> <span class='ocrx_word' id='word_1_175' title='bbox 753 2991 988 3070; x_wconf 87' lang='lat' dir='ltr'><strong>Antiochiam,</strong></span> <span class='ocrx_word' id='word_1_176' title='bbox 1010 2994 1197 3060; x_wconf 88' lang='lat' dir='ltr'><strong>incolumes</strong></span> <span class='ocrx_word' id='word_1_177' title='bbox 1219 3015 1350 3059; x_wconf 88' lang='lat' dir='ltr'><strong>remea·</strong></span> 
     </span>
     <span class='ocr_line' id='line_1_30' title="bbox 403 3091 1349 3158; baseline 0.004 -4"><span class='ocrx_word' id='word_1_178' title='bbox 403 3098 497 3155; x_wconf 88' lang='lat' dir='ltr'><strong>runt.</strong></span> <span class='ocrx_word' id='word_1_179' title='bbox 533 3091 659 3155; x_wconf 84' lang='lat' dir='ltr'><strong>¹Initio</strong></span> <span class='ocrx_word' id='word_1_180' title='bbox 682 3098 798 3155; x_wconf 89' lang='lat' dir='ltr'><strong>autem</strong></span> <span class='ocrx_word' id='word_1_181' title='bbox 824 3091 848 3155; x_wconf 85' lang='lat' dir='ltr'>J</span> <span class='ocrx_word' id='word_1_182' title='bbox 851 3092 912 3154; x_wconf 91' lang='lat' dir='ltr'><strong>ulii</strong></span> <span class='ocrx_word' id='word_1_183' title='bbox 934 3094 1062 3156; x_wconf 88' lang='lat' dir='ltr'><strong>mensis</strong></span> <span class='ocrx_word' id='word_1_184' title='bbox 1084 3095 1224 3158; x_wconf 89' lang='lat' dir='ltr'><strong>licentia</strong></span> <span class='ocrx_word' id='word_1_185' title='bbox 1246 3095 1349 3158; x_wconf 86' lang='lat' dir='ltr'><strong>famae</strong></span> 
     </span>
     <span class='ocr_line' id='line_1_31' title="bbox 404 3190 1353 3275; baseline 0.003 -22"><span class='ocrx_word' id='word_1_186' title='bbox 404 3190 596 3255; x_wconf 88' lang='lat' dir='ltr'><strong>Baldewini</strong></span> <span class='ocrx_word' id='word_1_187' title='bbox 627 3191 768 3254; x_wconf 88' lang='lat' dir='ltr'><strong>auribus</strong></span> <span class='ocrx_word' id='word_1_188' title='bbox 810 3190 934 3254; x_wconf 91' lang='lat' dir='ltr'><strong>detulit</strong></span> <span class='ocrx_word' id='word_1_189' title='bbox 963 3192 1180 3275; x_wconf 90' lang='lat' dir='ltr'><strong>splendidum</strong></span> <span class='ocrx_word' id='word_1_190' title='bbox 1222 3192 1353 3256; x_wconf 86' lang='lat' dir='ltr'><strong>dueum-</strong></span> 
     </span>
     <span class='ocr_line' id='line_1_32' title="bbox 404 3289 1350 3370; baseline 0.003 -18"><span class='ocrx_word' id='word_1_191' title='bbox 404 3297 600 3354; x_wconf 91' lang='lat' dir='ltr'><strong>nostrorum</strong></span> <span class='ocrx_word' id='word_1_192' title='bbox 624 3291 850 3370; x_wconf 87' lang='lat' dir='ltr'><strong>margaritum</strong></span> <span class='ocrx_word' id='word_1_193' title='bbox 873 3289 1090 3367; x_wconf 88' lang='lat' dir='ltr'><strong>offuscatum,</strong></span> <span class='ocrx_word' id='word_1_194' title='bbox 1109 3291 1350 3355; x_wconf 89' lang='lat' dir='ltr'><strong>Boamundum</strong></span> 
     </span>
     <span class='ocr_line' id='line_1_33' title="bbox 402 3388 1348 3473; baseline 0.005 -24"><span class='ocrx_word' id='word_1_195' title='bbox 402 3389 534 3452; x_wconf 89' lang='lat' dir='ltr'><strong>scilicet</strong></span> <span class='ocrx_word' id='word_1_196' title='bbox 558 3395 709 3470; x_wconf 89' lang='lat' dir='ltr'><strong>captum,</strong></span> <span class='ocrx_word' id='word_1_197' title='bbox 725 3396 760 3452; x_wconf 91' lang='lat' dir='ltr'><strong>et</strong></span> <span class='ocrx_word' id='word_1_198' title='bbox 782 3388 818 3451; x_wconf 92' lang='lat' dir='ltr'><strong>in</strong></span> <span class='ocrx_word' id='word_1_199' title='bbox 841 3395 982 3452; x_wconf 87' lang='lat' dir='ltr'><strong>catenas</strong></span> <span class='ocrx_word' id='word_1_200' title='bbox 1002 3389 1209 3472; x_wconf 89' lang='lat' dir='ltr'><strong>conjectum,</strong></span> <span class='ocrx_word' id='word_1_201' title='bbox 1225 3410 1247 3453; x_wconf 97' lang='lat' dir='ltr'><strong>a</strong></span> <span class='ocrx_word' id='word_1_202' title='bbox 1263 3410 1348 3473; x_wconf 91' lang='lat' dir='ltr'><strong>quo-</strong></span> 
     </span>
     <span class='ocr_line' id='line_1_34' title="bbox 403 3485 1348 3571; baseline 0.006 -24"><span class='ocrx_word' id='word_1_203' title='bbox 403 3485 482 3548; x_wconf 87' lang='lat' dir='ltr'><strong>dam</strong></span> <span class='ocrx_word' id='word_1_204' title='bbox 497 3486 692 3551; x_wconf 87' lang='lat' dir='ltr'><strong>Danisman</strong></span> <span class='ocrx_word' id='word_1_205' title='bbox 714 3487 847 3568; x_wconf 90' lang='lat' dir='ltr'><strong>gentili,</strong></span> <span class='ocrx_word' id='word_1_206' title='bbox 865 3495 900 3550; x_wconf 92' lang='lat' dir='ltr'><strong>et</strong></span> <span class='ocrx_word' id='word_1_207' title='bbox 925 3487 963 3550; x_wconf 91' lang='lat' dir='ltr'><strong>in</strong></span> <span class='ocrx_word' id='word_1_208' title='bbox 985 3488 1054 3551; x_wconf 90' lang='lat' dir='ltr'><strong>illis</strong></span> <span class='ocrx_word' id='word_1_209' title='bbox 1077 3490 1179 3552; x_wconf 89' lang='lat' dir='ltr'><strong>terris</strong></span> <span class='ocrx_word' id='word_1_210' title='bbox 1203 3490 1348 3571; x_wconf 91' lang='lat' dir='ltr'><strong>potenti.</strong></span> 
     </span>
     <span class='ocr_line' id='line_1_35' title="bbox 403 3582 1349 3667; baseline 0.005 -21"><span class='ocrx_word' id='word_1_211' title='bbox 403 3582 637 3667; x_wconf 86' lang='lat' dir='ltr'><strong>Quapropter,</strong></span> <span class='ocrx_word' id='word_1_212' title='bbox 656 3585 900 3648; x_wconf 89' lang='lat' dir='ltr'><strong>Edissenorum</strong></span> <span class='ocrx_word' id='word_1_213' title='bbox 915 3593 950 3649; x_wconf 92' lang='lat' dir='ltr'><strong>et</strong></span> <span class='ocrx_word' id='word_1_214' title='bbox 963 3584 1259 3652; x_wconf 86' lang='lat' dir='ltr'><strong>Antiochenorum</strong></span> <span class='ocrx_word' id='word_1_215' title='bbox 1275 3608 1349 3651; x_wconf 90' lang='lat' dir='ltr'><strong>ma-</strong></span> 
     </span>
     <span class='ocr_line' id='line_1_36' title="bbox 401 3683 1347 3764; baseline 0.005 -20"><span class='ocrx_word' id='word_1_216' title='bbox 401 3702 448 3745; x_wconf 94' lang='lat' dir='ltr'><strong>nu</strong></span> <span class='ocrx_word' id='word_1_217' title='bbox 472 3690 604 3760; x_wconf 87' lang='lat' dir='ltr'><strong>coacta,</strong></span> <span class='ocrx_word' id='word_1_218' title='bbox 618 3683 791 3764; x_wconf 87' lang='lat' dir='ltr'><strong>insignem</strong></span> <span class='ocrx_word' id='word_1_219' title='bbox 806 3684 1081 3749; x_wconf 86' lang='lat' dir='ltr'><strong>Christianorum</strong></span> <span class='ocrx_word' id='word_1_220' title='bbox 1105 3687 1347 3750; x_wconf 90' lang='lat' dir='ltr'><strong>contumeliam</strong></span> 
     </span>
    </p>
   </div>
   <div class='ocr_carea' id='block_1_6' title="bbox 397 3935 1349 4276">
    <p class='ocr_par' dir='ltr' id='par_1_7' title="bbox 397 3935 1349 4276">
     <span class='ocr_line' id='line_1_37' title="bbox 435 3935 1348 4002; baseline 0.003 -16"><span class='ocrx_word' id='word_1_221' title='bbox 435 3935 443 3966; x_wconf 91' lang='lat'>¹</span> <span class='ocrx_word' id='word_1_222' title='bbox 466 3937 578 4001; x_wconf 77' lang='lat' dir='ltr'><strong>Sumptis</strong></span> <span class='ocrx_word' id='word_1_223' title='bbox 604 3936 631 3984; x_wconf 87' lang='lat' dir='ltr'><strong>in</strong></span> <span class='ocrx_word' id='word_1_224' title='bbox 653 3937 736 3985; x_wconf 72' lang='lat' dir='ltr'><strong>Jeiieo</strong></span> <span class='ocrx_word' id='word_1_225' title='bbox 763 3937 861 3999; x_wconf 64' lang='lat' dir='ltr'><strong>palmia</strong></span> <span class='ocrx_word' id='word_1_226' title='bbox 885 3943 943 3988; x_wconf 78' lang='lat'><strong>290.</strong></span> <span class='ocrx_word' id='word_1_227' title='bbox 978 3939 1010 3987; x_wconf 88' lang='lat' dir='ltr'><strong>Iu</strong></span> <span class='ocrx_word' id='word_1_228' title='bbox 1026 3939 1077 3988; x_wconf 87' lang='lat' dir='ltr'><strong>this</strong></span> <span class='ocrx_word' id='word_1_229' title='bbox 1095 3953 1205 4002; x_wconf 84' lang='lat' dir='ltr'><strong>passage</strong></span> <span class='ocrx_word' id='word_1_230' title='bbox 1223 3940 1253 3988; x_wconf 84' lang='lat' dir='ltr'><strong>L.</strong></span> <span class='ocrx_word' id='word_1_231' title='bbox 1273 3940 1348 3990; x_wconf 87' lang='lat' dir='ltr'><strong>reads</strong></span> 
     </span>
     <span class='ocr_line' id='line_1_38' title="bbox 398 4006 1285 4070; baseline 0.003 -15"><span class='ocrx_word' id='word_1_232' title='bbox 398 4009 460 4069; x_wconf 80' lang='lat' dir='ltr'><strong>quod</strong></span> <span class='ocrx_word' id='word_1_233' title='bbox 470 4007 567 4068; x_wconf 71' lang='lat' dir='ltr'><strong>insigne</strong></span> <span class='ocrx_word' id='word_1_234' title='bbox 575 4006 784 4068; x_wconf 78' lang='lat' dir='ltr'><strong>peregrinantium</strong></span> <span class='ocrx_word' id='word_1_235' title='bbox 797 4007 861 4054; x_wconf 87' lang='lat' dir='ltr'><strong>unti-</strong></span> <span class='ocrx_word' id='word_1_236' title='bbox 885 4008 983 4057; x_wconf 68' lang='lat' dir='ltr'><strong>‘cassu’</strong></span> <span class='ocrx_word' id='word_1_237' title='bbox 995 4009 1095 4058; x_wconf 80' lang='lat' dir='ltr'><strong>instead</strong></span> <span class='ocrx_word' id='word_1_238' title='bbox 1105 4009 1135 4058; x_wconf 79' lang='lat' dir='ltr'><strong>oi</strong></span> <span class='ocrx_word' id='word_1_239' title='bbox 1141 4010 1149 4036; x_wconf 91' lang='lat'>‘</span> <span class='ocrx_word' id='word_1_240' title='bbox 1159 4010 1285 4070; x_wconf 69' lang='lat' dir='ltr'><strong>sumptis!</strong></span> 
     </span>
     <span class='ocr_line' id='line_1_39' title="bbox 398 4075 860 4138; baseline 0 -14"><span class='ocrx_word' id='word_1_241' title='bbox 398 4076 480 4138; x_wconf 80' lang='lat' dir='ltr'><strong>quitur</strong></span> <span class='ocrx_word' id='word_1_242' title='bbox 488 4075 620 4138; x_wconf 70' lang='lat' dir='ltr'><strong>instituit]</strong></span> <span class='ocrx_word' id='word_1_243' title='bbox 633 4075 721 4124; x_wconf 86' lang='lat' dir='ltr'><strong>Hence</strong></span> <span class='ocrx_word' id='word_1_244' title='bbox 732 4090 779 4124; x_wconf 88' lang='lat' dir='ltr'><strong>our</strong></span> <span class='ocrx_word' id='word_1_245' title='bbox 790 4077 860 4124; x_wconf 89' lang='lat' dir='ltr'><strong>word</strong></span> 
     </span>
     <span class='ocr_line' id='line_1_40' title="bbox 397 4141 1349 4210; baseline 0.003 -17"><span class='ocrx_word' id='word_1_246' title='bbox 397 4146 405 4172; x_wconf 86' lang='lat'>‘</span> <span class='ocrx_word' id='word_1_247' title='bbox 413 4147 528 4208; x_wconf 60' lang='lat' dir='ltr'><strong>palmer:</strong></span> <span class='ocrx_word' id='word_1_248' title='bbox 550 4160 578 4193; x_wconf 90' lang='lat' dir='ltr'><strong>or</strong></span> <span class='ocrx_word' id='word_1_249' title='bbox 599 4145 737 4206; x_wconf 79' lang='lat' dir='ltr'><strong>‘pilgrim&#39;</strong></span> <span class='ocrx_word' id='word_1_250' title='bbox 771 4145 804 4193; x_wconf 91' lang='lat' dir='ltr'><strong>V.</strong></span> <span class='ocrx_word' id='word_1_251' title='bbox 816 4145 861 4192; x_wconf 90' lang='lat' dir='ltr'><strong>Al·</strong></span> <span class='ocrx_word' id='word_1_252' title='bbox 918 4141 1059 4209; x_wconf 77' lang='lat' dir='ltr'><strong>²Fudere.]</strong></span> <span class='ocrx_word' id='word_1_253' title='bbox 1072 4147 1101 4196; x_wconf 72' lang='lat' dir='ltr'><strong>S.</strong></span> <span class='ocrx_word' id='word_1_254' title='bbox 1114 4147 1149 4196; x_wconf 90' lang='lat' dir='ltr'><strong>D.</strong></span> <span class='ocrx_word' id='word_1_255' title='bbox 1162 4147 1194 4196; x_wconf 89' lang='lat' dir='ltr'><strong>E.</strong></span> <span class='ocrx_word' id='word_1_256' title='bbox 1202 4161 1212 4210; x_wconf 90' lang='lat'>;</span> <span class='ocrx_word' id='word_1_257' title='bbox 1224 4147 1349 4209; x_wconf 86' lang='lat' dir='ltr'><strong>cecidere,</strong></span> 
     </span>
     <span class='ocr_line' id='line_1_41' title="bbox 399 4213 915 4276; baseline 0.002 -15"><span class='ocrx_word' id='word_1_258' title='bbox 399 4214 461 4264; x_wconf 89' lang='lat' dir='ltr'><strong>bert.</strong></span> <span class='ocrx_word' id='word_1_259' title='bbox 473 4217 587 4276; x_wconf 87' lang='lat' dir='ltr'><strong>Aquens.</strong></span> <span class='ocrx_word' id='word_1_260' title='bbox 604 4228 645 4273; x_wconf 88' lang='lat' dir='ltr'><strong>ap.</strong></span> <span class='ocrx_word' id='word_1_261' title='bbox 658 4214 739 4264; x_wconf 85' lang='lat' dir='ltr'><strong>Gesta</strong></span> <span class='ocrx_word' id='word_1_262' title='bbox 755 4213 816 4274; x_wconf 93' lang='lat' dir='ltr'><strong>Dei,</strong></span> <span class='ocrx_word' id='word_1_263' title='bbox 833 4228 859 4274; x_wconf 91' lang='lat' dir='ltr'><strong>p.</strong></span> <span class='ocrx_word' id='word_1_264' title='bbox 884 4213 915 4262; x_wconf 91' lang='lat' dir='ltr'><strong>L.</strong></span> 
     </span>
    </p>
   </div>
   <div class='ocr_carea' id='block_1_7' title="bbox 0 0 1574 4974">
    <p class='ocr_par' dir='ltr' id='par_1_8' title="bbox 0 0 1574 4974">
     <span class='ocr_line' id='line_1_42' title="bbox 0 0 1574 4974; baseline 0 2"><span class='ocrx_word' id='word_1_265' title='bbox 0 0 1574 4974; x_wconf 95' lang='lat' dir='ltr'><strong> </strong></span> 
     </span>
    </p>
   </div>
  </div>
 </body>
</html>
