3148 4982
215 448 374 530 mana]
445 463 559 513 onsrn
582 463 709 513 nnoun
734 463 948 513 nunnonuu.
1102 447 1167 512 467

217 622 348 706 ejectus
361 642 370 701 3
387 640 409 684 a
422 622 629 704 quibusdam
644 623 771 688 dicitur
786 641 809 686 a
825 622 959 686 civibus
975 623 1012 685 in
1027 621 1167 703 publico

217 722 319 804 epulo
343 722 571 788 interfectus.
610 722 780 786 Veritatis
809 741 892 804 ergo
922 723 1046 785 notitia
1070 721 1167 785 labat

215 823 252 884 in
278 821 395 898 dubio,
419 822 501 886 licet
521 829 644 887 neuter
663 842 783 887 eorum
804 821 952 886 deluerit
971 820 1072 885 famae
1092 841 1165 884 suae

216 922 421 1002 patrocinio.
654 991 656 997 ,

269 1021 286 1104 §
301 1021 378 1085 288.
399 1020 472 1084 Illa
487 1019 555 1084 fuit
575 1027 764 1103 tempestas
779 1041 848 1104 qua
863 1019 1008 1084 Henrici
1022 1017 1166 1107 (dequo
1178 1047 1309 1097 coneemrng

216 1120 306 1184 inter
329 1128 430 1202 gesta
450 1120 619 1185 Willelmi
640 1121 777 1184 locutus
800 1119 893 1206 sum)
914 1121 1109 1185 miserabile
1131 1098 1318 1198 etiiini‘yn'ii‘.or

217 1239 305 1302 pene
324 1211 502 1284 funestum
524 1241 584 1302 per
601 1221 855 1304 quinquaginta
870 1240 980 1285 annos
997 1220 1165 1284 Alaman-

218 1321 277 1383 nia
302 1321 471 1402 ingemuit
496 1319 689 1403 imperium.
741 1320 829 1384 Erat
856 1321 886 1384 is
916 1339 1028 1402 neque
1050 1321 1166 1382 ineru-

218 1419 311 1484 ditus
333 1441 446 1503 neque
468 1421 628 1502 ignavus,
660 1420 720 1484 sed
748 1419 821 1485 lato
850 1420 1001 1502 quodam
1023 1420 1069 1482 ab
1092 1439 1166 1483 om-

219 1520 320 1584 nibus
333 1521 384 1584 ita
398 1510 589 1602 impetitus,
605 1527 729 1584 utrem
743 1520 919 1601 religionis
934 1527 1084 1586 tractare
1101 1519 1167 1583 sibi

219 1611 396 1684 videretur
423 1620 579 1703 quisquis
613 1620 651 1683 in
685 1619 783 1683 illum
819 1639 916 1683 arma
950 1619 1164 1702 produceret.

221 1717 386 1785 Habebat
415 1721 506 1784 filios
535 1719 634 1796 duoS,
661 1718 858 1794 Conradum
886 1727 921 1784 et
952 1720 1166 1784 Henricum:

220 1821 314 1901 prior
337 1819 422 1883 nihil
443 1820 585 1902 impium
608 1827 730 1883 contra
746 1827 923 1901 parentem
946 1839 1064 1897 ausus,
1086 1821 1167 1883 sub-

214 1919 341 2002 jugata
373 1919 491 1996 Italia,
522 1920 615 2002 apud
639 1917 800 1983 Aretium
830 1921 1007 1985 civitatem
1030 1919 1168 1982 Tusciae

220 2019 293 2082 dies
321 2020 543 2103 expleverat:
567 2021 656 2083 alter
678 2025 824 2101 patrem,
848 2019 1101 2102 aliquantulum
1124 2019 1168 2082 ab

220 2119 374 2182 externis
389 2118 562 2195 feriatum,
577 2120 688 2202 primo
702 2119 769 2182 aevi
784 2120 954 2201 tyrocinio
970 2137 1168 2200 aggressae,

220 2219 339 2282 cedere
354 2219 498 2302 imperio
512 2219 697 2301 compulit3
721 2237 784 2281 nec
797 2218 907 2282 multo
922 2225 1013 2300 post,
1028 2217 1169 2282 defunc-

220 2325 294 2381 tum
317 2319 554 2401 imperialibus
578 2318 710 2382 inferiis
735 2317 871 2381 extulit.
924 2318 1024 2382 Vivit
1044 2317 1168 2395 adhuc,

221 2418 375 2502 ejusdem
399 2420 581 2483 sententiae
610 2417 834 2500 pertinaciter
858 2436 992 2500 sequax
1013 2437 1077 2500 pro
1100 2436 1170 2500 qua

220 2525 354 2599 patrem
369 2519 644 2602 persequendum
664 2523 869 2600 putaverat:
894 2537 975 2581 nam
997 2524 1033 2580 et
1053 2517 1169 2581 inves-

220 2618 362 2681 tituram
379 2602 601 2683 ecclesiarum
621 2638 683 2700 per
696 2617 858 2683 baculum
875 2624 910 2683 et
925 2617 1091 2681 annulum
1106 2618 1168 2680 do-

220 2724 293 2794 nat,
308 2726 343 2781 et
356 2719 432 2782 sine
452 2737 516 2782 suo
532 2718 702 2782 arbitratu
718 2735 844 2800 papam
857 2718 1004 2782 electum
1027 2737 1097 2780 non
1120 2718 1169 2780 le·

219 2818 378 2898 gitimum
393 2819 564 2896 aestimat3
580 2817 660 2881 licet
673 2816 847 2895 CalixtuS,
863 2811 936 2900 ¹qui
951 2816 1054 2880 modo
1066 2835 1169 2898 apos·

221 2917 335 2980 tolicae
359 2917 434 2980 sedi
454 2917 629 2999 praesidet,
645 2917 863 2980 immodicam
878 2917 945 2980 viri
967 2916 1167 2981 aviditatem

220 3017 359 3097 egregie
380 3016 577 3080 inhibuerit.
629 3015 762 3080 Verum
777 3015 820 3079 de
838 3016 892 3079 his
911 3016 1012 3098 plura
1025 3034 1080 3078 me
1096 3015 1168 3078 dic-

220 3120 334 3179 turum
357 3116 466 3179 lector
479 3116 710 3199 praestoletur,
730 3135 809 3179 cum
831 3116 937 3180 series
959 3114 1168 3182 narrationis

220 3215 415 3297 expetierit.

272 3314 381 3397 §289.
406 3314 516 3379 Porro
537 3313 777 3382 Hildebrando
792 3330 884 3395 papa
899 3308 957 3397 (ut
972 3307 1062 3396 dixi)
1078 3332 1168 3376 mor·
1181 3326 1278 3367 contestu
1287 3328 1322 3366 aa

221 3420 294 3490 tuo,
317 3421 352 3478 et
368 3414 512 3478 Urbano
533 3434 555 3477 a
576 3413 809 3477 cardinalibus
833 3411 956 3489 electe,
980 3412 1169 3495 imperator
1179 3379 1330 3518 {5153de

222 3513 323 3577 haesit
340 3514 376 3576 in
391 3515 569 3597 proposito
590 3522 630 3577 ut
646 3513 842 3577 Wibertum
863 3511 1041 3595 praeferret
1054 3520 1090 3576 et
1105 3532 1167 3596 pa·
1221 3489 1262 3528 ΡΨ
1291 3506 1295 3511 ‘
1324 3505 1330 3516 ’

222 3632 301 3694 pam
330 3613 517 3690 dictitaret,
546 3614 750 3695 Romaeque,
783 3613 893 3675 altero
926 3612 1085 3694 expulso,
1114 3614 1168 3675 in-

223 3711 349 3776 ferret:
374 3713 434 3776 sed
459 3713 602 3796 aequiori
626 3710 685 3798 (ut
710 3709 910 3796 videbatur)
935 3730 1048 3775 causae
1072 3711 1171 3775 affuit

222 3811 345 3877 militia
361 3806 538 3878 ²Matildis
556 3813 730 3889 Marcisae,
746 3831 824 3894 quae
842 3811 950 3875 oblita
965 3829 1084 3888 senua,
1106 3830 1169 3874 nec

744 3976 882 4028 ²Mati1uta
898 3977 1035 4040 Murciae]
1052 3976 1102 4025 She
1115 3989 1170 4024 was

709 4049 751 4099 the
769 4049 894 4111 daughter
915 4047 945 4096 of
963 4046 1083 4096 Boniface
1101 4045 1171 4094 duke

709 4119 739 4167 of
757 4119 885 4179 Tuscany,
907 4117 957 4166 and
979 4121 1007 4166 at
1028 4117 1073 4165 her
1094 4115 1171 4164 death

709 4189 839 4238 bestowed
864 4187 909 4236 her
930 4188 1049 4236 immense
1071 4199 1172 4248 posses-

710 4259 777 4309 sione
789 4273 858 4320 upon
868 4257 911 4308 the
922 4256 982 4318 holy
992 4272 1043 4307 see.

258 4012 266 4043 ¹
276 4015 328 4070 Qui
338 4016 406 4063 modo
415 4013 551 4078 apostolica
560 4014 612 4065 aedi
620 4030 685 4078 proe·

220 4085 305 4148 ridet]
320 4085 439 4135 calixtus
450 4087 553 4134 became
570 4100 636 4146 pope
653 4099 685 4132 on

221 4155 264 4204 the
277 4159 315 4205 lst
326 4155 355 4204 of
363 4156 424 4204 Feb.
438 4155 570 4218 1119‚and
578 4155 641 4220 died
653 4169 685 4204 on

220 4225 263 4274 the
276 4225 334 4274 leth
345 4241 374 4274 or
386 4225 444 4275 rath
457 4225 522 4277 Deo.
535 4229 608 4275 1124.
