3080 4960
198 517 268 564 nra.
284 501 357 582 111.]
483 519 658 567 mercum
680 517 858 568 novumn.
1081 503 1148 565 757

266 765 558 818 ancarirunnuro
581 766 628 812 nn
651 765 786 812 courrn
809 765 1062 836 enoncnsrnm.

244 870 328 953 §54
344 870 533 955 ‘Principia
558 880 735 954 gestorum
758 873 861 957 hujus
887 873 980 950 anni,
1004 874 1064 957 qui
1087 884 1276 939 esterna

1153 941 1287 992 Recepitula-

192 969 440 1035 incarnationis
477 972 670 1036 Dominicae
701 973 901 1037 millesimus
933 972 1139 1038 centesimus
1152 991 1272 1033 tionortue

1131 1075 1138 1089 ,
1151 1043 1194 1080 earl
1203 1043 1295 1083 chlou·

191 1068 478 1151 quadragesimus
494 1071 629 1148 tertiuS,
641 1091 686 1134 cx
698 1072 840 1153 reliquis
856 1072 1043 1153 superioris
1057 1093 1139 1137 anm
1152 1092 1293 1133 catenan-

192 1169 359 1233 successit
376 1170 492 1233 animo
505 1171 671 1234 resarcire
684 1191 693 1250 3
716 1171 885 1252 simulque
903 1190 1071 1234 summam
1087 1193 1138 1236 re·
1151 1142 1208 1181 dm

191 1286 268 1329 rum
291 1287 369 1350 quae
391 1267 434 1331 de
455 1268 610 1333 Roberto
635 1267 707 1332 filio
726 1270 819 1350 regis
844 1268 990 1333 Henrici
1013 1271 1138 1337 comite

191 1362 403 1430 Gloecestrae
421 1368 568 1450 sparsim
592 1368 686 1432 dicta
706 1374 799 1445 sunt,
814 1369 914 1450 quasi
935 1369 971 1432 in
993 1368 1138 1433 fascicu-

188 1462 261 1526 lum
278 1465 471 1543 collectam,
489 1467 627 1530 lectoris
649 1466 871 1531 aestimationi
887 1486 948 1548 per
963 1469 1136 1550 recapitu-

188 1561 352 1627 lationem
374 1585 576 1647 proponere.
631 1565 713 1647 Ipse
741 1566 869 1648 quippe
891 1564 982 1629 sicut
1004 1567 1136 1647 primus

188 1662 233 1724 ad
256 1669 373 1744 partes
395 1664 523 1729 sororis
546 1683 620 1728 suae
632 1663 982 1748 justedefendendas
997 1664 1135 1730 initium

187 1761 353 1844 suscepit,
381 1763 431 1827 ita
460 1782 595 1845 semper
624 1763 754 1828 invicto
788 1762 901 1826 animo
931 1764 968 1826 in
996 1763 1135 1846 incepto

187 1860 298 1940 gratis
328 1863 583 1943 perseveravit:
616 1861 726 1942 gratis
751 1861 840 1938 dico,
868 1861 951 1944 quia
977 1864 1136 1927 nonnulli

187 1957 362 2022 fautorum
377 1960 465 2043 ejuS,
481 1961 548 2037 vel,
562 1959 736 2025 fortunam
754 1969 951 2042 sequentes,
965 1980 1043 2023 cum
1058 1961 1134 2045 ejus

187 2057 403 2122 volubilitate
411 2064 601 2136 mutantur,
614 2059 683 2136 vel,
695 2059 805 2122 multa
814 2059 889 2142 jam
904 2059 1135 2125 emolumenta

186 2157 372 2234 consecuti,
388 2177 450 2239 spe
461 2158 667 2240 ampliorum
683 2158 903 2239 praemiorum
919 2177 981 2239 pro
993 2158 1134 2242 justitia

185 2263 351 2336 pugnant.
404 2256 507 2320 Solus
538 2257 594 2321 vel
623 2276 711 2338 pene
748 2257 843 2320 solus
873 2257 1060 2335 Robertus,
1097 2259 1134 2322 in

185 2361 344 2420 neutram
365 2362 499 2437 partem
514 2354 666 2437 pronior,
680 2375 744 2418 nec
766 2373 828 2439 spe
850 2356 1054 2438 compendii,
1069 2377 1132 2424 nec

184 2452 354 2536 dispendii
369 2455 503 2532 timore,
527 2473 679 2537 unquam
694 2453 806 2518 flexus
826 2461 891 2532 est,
908 2455 999 2519 sicut
1015 2475 1061 2518 ex
1078 2475 1132 2519 se·

185 2554 370 2633 quentibus
392 2554 545 2636 liquebit.
599 2553 680 2616 Non
701 2572 784 2634 ergo
807 2553 923 2631 alicui,
937 2553 968 2616 si
985 2553 1059 2618 haec
1081 2555 1133 2618 in·
1234 2611 1239 2618 .

183 2657 281 2732 tegre
301 2651 425 2730 scribo,
440 2651 649 2717 adulationis
672 2659 831 2734 surrepat
853 2652 1023 2734 suspicio;
1047 2653 1133 2717 nihil

184 2751 276 2815 enim
299 2770 321 2815 a
347 2771 402 2814 me
419 2752 558 2816 dabitur
571 2751 707 2833 gratiae,
729 2750 791 2814 sed
815 2750 890 2814 sola
904 2751 1034 2815 veritas
1059 2751 1130 2815 his-

183 2849 281 2913 toriae
307 2851 383 2914 sine
408 2850 480 2914 ullo
508 2849 587 2914 suco
618 2849 788 2915 mendacii
809 2856 1025 2932 posterorum
1051 2871 1130 2932 pro·

183 2948 328 3013 ducetur
339 2949 485 3014 notitiae.
993 3018 994 3021 ,

234 3048 320 3131 §55.
345 3049 487 3112 Dictum
512 3054 565 3110 est
582 3047 625 3109 de
647 3048 772 3110 comite
786 3066 855 3128 quo
873 3046 974 3111 modo
997 3048 1128 3129 primus

183 3139 351 3210 1omnium
367 3153 447 3227 post
463 3145 579 3209 David
594 3164 710 3226 regem
725 3144 865 3222 Scotiae,
880 3154 1049 3226 praesente
1065 3167 1127 3228 pa-

158 3263 160 3266 ·
180 3251 234 3308 tre
249 3243 415 3321 Henrico,
427 3243 628 3306 fidelitatem
646 3243 755 3306 sorori
770 3262 842 3305 suae
857 3243 1067 3324 imperatrici
1085 3247 1127 3308 de

180 3363 287 3424 regno
303 3341 442 3424 Angliae
457 3348 493 3405 et
510 3340 638 3406 ducatu
657 3340 884 3405 Normanniae
910 3351 1127 3407 sacramento

179 3442 349 3507 firmavit:
385 3439 552 3504 nonnulla
582 3438 638 3525 (nt
664 3436 756 3524 dixi)
786 3441 1007 3505 contentione
1036 3443 1127 3506 inter

180 3560 258 3604 cum
275 3546 311 3604 et
324 3540 538 3622 Stephanum
554 3547 638 3603 tunc
654 3538 822 3603 Bononiae
842 3540 1012 3616 comitem,
1030 3549 1126 3622 post·

178 3639 317 3704 modum
333 3637 473 3720 Angliae
497 3657 621 3720 regem,
640 3637 799 3721 quisnam
819 3637 1126 3719 prior-sacramen-

97 3800 99 3802 .
178 3747 253 3802 tum
267 3738 418 3818 faceret3
437 3737 593 3801 Roberto
610 3736 849 3800 excellentiam
864 3736 938 3811 filii,
949 3735 1126 3820 Stephano

178 3838 383 3920 dignitatem
398 3837 546 3919 nepotis,
564 3835 837 3900 defendentibus.

230 3937 248 4020 ξ
261 3937 316 4001 56.
340 3937 482 4001 Dictum
498 3941 552 3998 est
562 3935 667 3998 etiam
683 3953 787 4016 quam
801 3933 1024 3998 rationabiles
1048 3954 1125 3998 eum

213 4141 221 4171 ¹
236 4143 372 4206 Omnium]
392 4143 439 4204 E.;
461 4143 570 4190 omnium
589 4142 640 4203 pri·
664 4142 719 4192 that
730 4142 840 4204 Stephon
858 4142 983 4203 preceded
995 4142 1090 4191 Robert
1100 4143 1126 4190 in

175 4217 279 4272 motum,
305 4213 337 4262 S.
357 4212 392 4262 D.
407 4212 459 4262 La.
472 4237 508 4248 -
520 4212 640 4260 Malmes-
664 4213 754 4274 taking
764 4213 806 4262 the
817 4211 875 4260 cath
887 4216 913 4260 to
925 4211 1042 4262 Matilda.

176 4283 251 4344 bury,
263 4283 388 4345 however,
399 4281 446 4331 hus
457 4280 541 4330 before
556 4282 639 4330 stated
907 4355 929 4417 3

952 4372 975 4416 D
