3152 4970
240 490 380 570 mnu]
469 504 583 553 ousrs
606 503 733 551 noenu
757 504 969 552 Anouonuu.
1127 489 1192 554 683

241 660 417 724 sedetiam
432 660 524 724 ultro
535 661 642 724 missa
653 653 851 725 ¹remittitis
875 660 1054 738 Quantum
1065 659 1130 722 hoc
1145 661 1191 723 sit

240 760 308 823 isto
322 760 512 840 praesertim
531 740 697 842 tempore,
713 767 853 841 quantae
871 761 906 822 in
925 759 1041 822 seculo
1055 759 1188 839 gloriae,

240 866 379 939 quantae
394 859 485 941 apud
503 859 615 921 Deum
639 859 774 939 gratiae,
789 858 856 941 ipsi
874 865 967 921 certe
981 857 1187 938 intelligitis.

241 957 353 1021 Beata
368 964 423 1020 est
437 958 555 1039 igitur,
578 957 767 1021 secundum
792 957 998 1022 sententiam
1016 955 1187 1032 Platonis,

239 1056 433 1138 respublica
463 1056 563 1140 cnjus
595 1064 708 1120 rector
736 1064 789 1119 est
819 1055 1057 1138 philosophus,
1085 1048 1186 1138 'cujus

238 1155 397 1236 princeps
424 1174 494 1218 non
523 1154 718 1220 delectatur
745 1156 956 1218 muneribus.
1010 1153 1119 1217 Plura
1144 1154 1186 1217 de

239 1253 366 1317 talibus
381 1254 540 1330 dicerem,
561 1255 628 1317 nisi
643 1261 678 1317 et
695 1255 845 1336 suspicio
860 1272 945 1316 meae
964 1251 1184 1330 adulationis,

238 1359 273 1416 et
288 1352 463 1416 laudanda
477 1352 646 1420 modestia
659 1353 765 1416 vestri
785 1352 927 1435 pudoris
945 1352 1183 1416 dicturientem

237 1450 423 1514 cohiberet.
491 1451 581 1515 Sane
610 1471 688 1532 quae
716 1451 789 1514 dixi
819 1470 888 1514 non
919 1452 1183 1532 praetermittere

235 1549 302 1613 fuit
323 1549 517 1627 consilium,
533 1557 573 1612 ut
594 1569 656 1631 per
676 1548 824 1613 officium
846 1550 975 1630 linguae
992 1568 1078 1612 meae
1103 1568 1183 1629 pro-

234 1648 325 1712 bitas
340 1655 458 1712 vestra
481 1655 638 1730 posteros
661 1668 729 1711 non
754 1648 874 1725 lateat,
893 1655 927 1711 et
950 1649 1027 1729 ipsa
1054 1648 1097 1710 de
1110 1649 1180 1711 vir·

234 1754 310 1811 tute
325 1748 362 1810 in
376 1748 540 1812 virtutem
555 1747 720 1829 prolicere
734 1746 931 1810 contendat.
978 1746 1024 1811 Et
1041 1747 1180 1827 quidem

228 1845 445 1928 jamdudum,
482 1846 686 1928 quibusdam
719 1845 1018 1928 persuadentibus
1048 1845 1180 1910 ferebat

233 1945 368 2008 animus
391 1952 441 2022 ut,
458 1964 536 2026 qnae
559 1944 802 2028 praetereunda
824 1964 893 2008 non
920 1952 1091 2029 putarem,
1116 1965 1179 2026 per

232 2044 413 2108 succiduos
435 2063 569 2127 semper
591 2064 700 2108 annos
722 2044 802 2106 huic
828 2045 923 2126 operi
947 2063 1176 2126 apponerem

232 2143 512 2207 sed-consultius
532 2143 670 2208 videtur
697 2143 800 2206 alium
830 2143 874 2208 de
899 2143 1026 2206 talibus
1052 2142 1178 2206 librum

231 2241 432 2323 procudere,
456 2261 560 2324 quam
582 2242 656 2326 jam
681 2242 840 2306 absoluto
866 2241 1063 2325 frequenter
1085 2262 1177 2306 nova

230 2341 379 2405 insuere.
442 2340 518 2404 Nec
548 2360 631 2405 vero
665 2341 847 2427 quisquam
881 2340 1089 2423 superfluam
1121 2362 1176 2405 me

231 2458 370 2522 opernm
392 2439 486 2504 dicat
502 2441 685 2518 insumere,
700 2440 730 2502 si
747 2439 929 2503 clarissimi
944 2441 1096 2504 omnium
1111 2460 1175 2504 sua

231 2546 335 2602 aetate
358 2559 480 2620 regum
500 2547 600 2620 gesta
623 2558 800 2622 propono:
825 2539 935 2602 multa
956 2540 1046 2602 enim
1069 2540 1172 2602 subli-

230 2639 344 2702 mitati
366 2639 441 2722 ejus
465 2657 541 2702 mea
562 2638 738 2702 humilitas
759 2638 874 2714 debet,
888 2645 923 2700 et
940 2639 1051 2700 adhuc
1073 2639 1175 2720 plura

229 2737 378 2815 debebit,
401 2744 453 2815 ut,
475 2738 505 2802 si
529 2737 616 2801 nihil
640 2737 733 2801 alind
759 2744 862 2814 esset,
888 2736 979 2818 quod
1005 2756 1043 2800 se
1068 2737 1172 2800 talem

229 2836 338 2900 filium
361 2836 487 2901 habere
510 2837 657 2918 gaudet;
691 2856 771 2900 nam
795 2843 831 2900 et
855 2836 936 2898 olim
964 2835 1056 2899 felici
1079 2844 1171 2900 sorte

228 2943 437 3018 susceptum,
460 2955 529 2999 non
547 2935 791 3017 perfunctorie,
807 2943 848 2998 ut
861 2934 962 2998 hodie
986 2936 1106 3012 claret,
1128 2935 1170 2998 li·

228 3036 311 3098 teris
325 3035 453 3098 erudiri
466 3035 643 3116 praecepit,
659 3041 739 3116 post
755 3035 860 3096 etiam
882 3033 1171 3116 amplissimarum

226 3134 481 3214 possessionum
498 3133 579 3196 fecit
595 3132 784 3207 dominum,
802 3150 893 3195 nunc
907 3139 1081 3214 postremo
1094 3126 1169 3214 ²pa-

227 3232 331 3295 trium
362 3232 398 3294 in
427 3251 489 3296 vos
516 3230 663 3294 reclinat
690 3230 862 3293 affectum.
926 3230 980 3294 Sit
1005 3249 1088 3311 ergo
1114 3230 1170 3294 hic

226 3330 324 3408 liber,
339 3338 379 3394 ut
393 3337 458 3408 est,
472 3336 598 3394 vestrae
614 3329 734 3411 gloriae
749 3329 906 3393 absolute
928 3337 1169 3408 consecratus3

225 3429 261 3492 in
276 3430 385 3494 altero
399 3430 465 3493 erit
481 3429 571 3492 idem
586 3429 681 3506 vitae,
705 3429 764 3510 qui
781 3428 975 3511 scriptnrae,
993 3429 1168 3492 terminus

225 3527 328 3607 Quod
343 3535 512 3611 superest,
526 3547 652 3592 munus
668 3548 782 3591 meum
797 3529 982 3610 dignanter
994 3528 1170 3610 suscipite,

224 3635 265 3691 ut
286 3628 457 3709 gaudeam
485 3635 587 3710 grato
612 3627 803 3708 cognitoris
830 3628 986 3705 arbitrio,
1009 3628 1070 3711 qui
1099 3647 1170 3692 non

224 3727 337 3791 erravi
353 3727 503 3808 eligendi
521 3721 679 3810 ³judicio.

232 3959 612 4043 ..¹Remittitis.]A.S.Ln.;
628 3957 685 4004 mit·
745 3985 755 4016 ³
766 3981 889 4054 Μία-0.]
906 3985 940 4035 Α·
958 3986 986 4034 S·
1004 3987 1034 4035 C·
1047 3984 1098 4045 D&
1116 3986 1169 4034 cl.

219 4036 283 4091 Μ’
294 4031 330 4080 D·
342 4030 366 4076 Ε
374 4033 398 4078 ²⁸
709 4058 774 4106 adds
785 4058 793 4085 ‘
803 4057 869 4106 Haec
886 4057 974 4118 habui,
984 4056 1083 4104 domine
1096 4069 1170 4104 vene·

255 4093 417 4164 ⁹Potrium.]
438 4095 471 4148 Α.
491 4098 525 4147 D.
538 4098 593 4146 132.
611 4095 663 4146 112.
672 4110 680 4154 ;

219 4176 361 4232 paternum,
374 4169 402 4218 S·
416 4168 446 4216 0·
709 4127 797 4176 rabilis
809 4128 909 4189 Comes,
921 4126 953 4174 de
966 4126 1064 4188 gestis?
