3140 4974
225 477 365 557 mnu]
455 492 567 542 unsri
590 493 717 542 nnoun
741 495 956 545 ancnonun.
1108 483 1176 548 629

224 649 310 713 libet
326 649 516 727 Wallense,
544 652 604 715 sed
631 670 653 714 a
673 650 878 734 provinciali
903 652 1076 730 emissam,
1092 660 1176 738 ‘per

225 756 370 813 mortem
389 748 530 813 Domini
546 751 679 828 nostri,'
696 750 781 815 talia
795 752 1047 833 pronuncians:
1070 773 1173 835 quem

226 867 356 912 morem
366 847 520 931 jurandi,
537 850 594 913 vel
608 849 669 914 irae
691 851 862 928 nimietas,
880 852 936 915 vel
951 853 1000 915 rei
1016 853 1172 930 serietas,

226 949 270 1012 ab
284 967 343 1012 ore
356 947 522 1030 principis
544 950 795 1031 extorquebat3
819 968 899 1013 nam
921 958 957 1014 et
971 970 1014 1014 ea
1028 950 1115 1015 hora
1135 952 1173 1015 in

225 1047 365 1130 proprio
387 1047 474 1124 solo,
497 1067 567 1111 non
585 1048 623 1112 in
646 1047 780 1112 hostica
800 1049 952 1130 regione,
974 1050 1173 1132 progredie-

224 1148 328 1210 batur
352 1147 480 1210 sensim
500 1153 536 1210 et
557 1154 659 1210 caute
680 1148 866 1225 exercitus,
888 1155 928 1212 ut
951 1147 1036 1212 nihil
1058 1149 1172 1214 minus

225 1265 329 1328 quam
351 1245 494 1309 insidias
514 1245 591 1328 quis
614 1246 748 1328 opinari
770 1247 892 1328 possit.
945 1246 1021 1312 Nec
1044 1254 1173 1326 tamen,

225 1344 381 1409 intestini
399 1345 607 1408 discriminis
628 1353 734 1423 metu,
747 1346 870 1428 pedem
890 1347 933 1409 ab
955 1347 1094 1430 incepto
1117 1367 1171 1412 re-

224 1444 318 1522 tulit,
340 1445 449 1508 donec
467 1444 676 1522 wallenses,
692 1443 784 1509 datis
806 1445 982 1509 obsidibus
1004 1447 1171 1511 nobilium

129 1577 133 1582 -
224 1561 365 1607 suorum
379 1542 471 1620 filiis,
488 1563 567 1607 cum
583 1544 763 1625 aliquanta
775 1545 922 1626 pecunia
937 1552 972 1608 et
988 1544 1097 1610 multo
1110 1565 1171 1629 pe·

227 1642 329 1719 culi0,
343 1643 448 1724 regiae
465 1643 761 1724 magnanimitatis
776 1651 907 1707 motum
922 1643 1091 1709 sedarent.

276 1741 380 1825 §loa
406 1741 582 1806 Brittones
594 1743 855 1819 transmarinos,
869 1761 957 1825 quos
970 1743 1170 1808 adolescens
1182 1757 1276 1848 ssffl‘

224 1841 356 1906 vicinos
370 1834 539 1904 ¹castellis
562 1842 759 1907 Danfronto
781 1849 816 1905 et
830 1835 969 1906 ²Sancti
986 1842 1169 1906 Michaelis
1272 1835 1278 1847 ’

226 1940 405 2017 habuerat,
428 1940 583 2022 pecuniis
610 1941 654 2004 ad
680 1940 884 2024 obsequium
911 1940 1169 2006 transducebat.

225 2040 288 2104 Est
304 2039 395 2103 enim
417 2039 503 2102 illud
526 2059 635 2121 genus
656 2040 833 2105 hominum
855 2059 960 2122 egens
981 2041 1016 2103 in
1043 2041 1170 2123 patria,

223 2139 381 2221 aliasque
394 2146 538 2203 externo
549 2159 618 2204 aere
631 2139 814 2204 laboriosae
830 2140 913 2204 vitae
924 2147 1097 2204 mercatur
1106 2139 1169 2204 sti-

223 2239 368 2322 pendia:
388 2239 418 2301 si
434 2237 580 2316 dederis,
597 2257 661 2302 nec
676 2238 804 2315 civilia,
819 2238 893 2302 sine
907 2246 1067 2320 respectu
1078 2238 1169 2323 juris

224 2345 259 2402 et
280 2337 509 2419 cognationis
525 2336 721 2402 detrectans
738 2337 882 2421 praelia3
905 2337 966 2401 sed
980 2357 1043 2421 pro
1061 2356 1171 2420 quan·

223 2438 324 2503 titate
340 2431 536 2501 ³munerurn
557 2437 599 2500 ad
614 2456 838 2520 quascunque
850 2435 946 2502 voles
968 2444 1085 2520 partes
1108 2437 1169 2502 ob·

159 2609 161 2613 ,
223 2538 375 2601 noxium.
428 2536 548 2620 Hujus
570 2537 829 2601 consuetudinis
851 2536 909 2600 ille
933 2555 1003 2600 non
1027 2536 1169 2614 inscius,

224 2635 407 2719 siquando
430 2655 517 2717 opus
535 2636 713 2701 habuisset
737 2635 971 2720 stipendiariis
990 2636 1168 2714 militibus,

222 2736 332 2800 molta
359 2734 526 2818 perdebat
544 2736 581 2799 in
604 2736 793 2814 Brittones,
815 2734 917 2799 iidem
939 2734 1079 2818 perfidae
1105 2754 1169 2800 na·

223 2833 326 2899 tionis
342 2835 490 2898 nummis
503 2835 576 2898 suis
592 2827 800 2900 *mutuatus

273 2933 393 3017 5403.
427 2935 618 3000 Robertum
648 2935 807 2998 comitem
843 2932 1018 2996 Flandriae
1048 2933 1168 3015 primis
1182 2947 1316 3038 ffigfss

223 3035 320 3114 regni
334 3034 388 3096 sui
403 3033 616 3114 temporibus
639 3032 782 3097 offendit
804 3031 870 3094 hac
890 3050 1016 3095 causa:
1042 3031 1169 3094 Balde-
1317 3023 1323 3036 '

222 3132 332 3196 winus
354 3131 482 3207 senior,
495 3130 599 3213 hujus
615 3130 761 3194 Roberti
782 3148 882 3206 avus,
897 3129 1111 3194 Willelmum
1132 3128 1170 3192 in

224 3229 386 3312 Angliam
402 3229 609 3305 venientem,
621 3236 747 3309 arguto
763 3247 832 3310 quo
848 3226 1002 3311 pollebat
1013 3227 1170 3304 consilio,

162 3327 165 3332 ’
222 3337 258 3394 et
280 3329 428 3392 militum
449 3326 696 3404 additamento,
709 3327 878 3392 vivaciter
894 3325 1047 3410 juverat.
1101 3325 1170 3388 His

222 3428 281 3493 ille
304 3429 457 3493 illustres
485 3428 605 3490 crebro
627 3427 870 3491 retributiones
894 3424 1081 3502 refuderat,
1097 3443 1170 3488 om-

223 3528 335 3605 nibus,
357 3536 397 3592 ut
411 3527 539 3603 serunt,
555 3527 655 3590 annis
672 3519 863 3590 ⁵trecentas
886 3525 1022 3606 argenti
1036 3543 1171 3591 marcas

258 3780 418 3853 wascum]
438 3786 467 3835 C.
479 3786 515 3835 D.
527 3785 578 3845 E.;
594 3784 685 3833 castel·
744 3778 755 3810 ⁵
778 3779 907 3830 Trecentos
928 3779 1027 3841 argenti
1048 3774 1171 3848 osorem]

219 3860 252 3910 lis
264 3859 328 3918 suis,
338 3855 372 3905 A.
385 3855 414 3905 S.
426 3855 457 3905 L.
710 3852 735 3900 lt
756 3865 865 3912 appears
891 3849 955 3898 from
982 3853 1033 3897 two
1060 3848 1172 3898 charters

257 3925 365 3976 'Soneti
376 3922 527 3986 Michaelis]
546 3923 576 3971 C.
588 3923 623 3970 D.
637 3921 683 3979 E.;
709 3921 810 3983 printed
827 3921 854 3967 in
865 3918 979 3980 Ryrner's
992 3917 1110 3979 Foedera,
1120 3918 1171 3968 vol.

221 3998 299 4048 monti
309 3995 396 4044 Sancti
407 3993 553 4049 Michaelis,
563 3989 597 4040 A.
611 3991 640 4040 S.
653 3990 683 4039 1..
711 4004 730 4040 1.
747 4004 790 4051 pp.
802 3994 828 4051 6,
839 3993 865 4050 7,
875 3989 930 4037 that
942 3989 1032 4048 Henry
1041 3987 1135 4049 agreed
1146 3992 1172 4036 to

255 4063 430 4127 'Monernmd
454 4062 488 4113 A.
502 4063 531 4111 C.
543 4062 579 4110 D.
591 4061 624 4110 li.
637 4060 684 4120 1..;
710 4075 762 4122 pay
779 4075 795 4108 a
813 4060 919 4120 pension
936 4057 965 4107 oi
980 4058 1038 4106 four
1055 4057 1172 4108 hundred

221 4150 388 4192 nummorum,
399 4134 428 4182 8.
710 4129 796 4178 marks
806 4128 928 4188 nmually
938 4132 964 4176 to
979 4127 1074 4175 Robert
1083 4126 1136 4175 earl
1147 4126 1176 4175 oi

255 4200 429 4263 ⁴Mntnatrn.]
449 4200 483 4250 A.
496 4201 525 4250 S.
540 4200 569 4250 C.
581 4200 617 4250 D.
628 4199 683 4248 En.
711 4199 833 4248 Flanders
853 4197 891 4246 ior
908 4197 949 4245 the
968 4197 1065 4246 service
1083 4195 1113 4244 oi
1125 4209 1173 4245 one

219 4279 268 4339 103
286 4281 416 4336 mutuans,
427 4273 451 4321 E
459 4274 483 4319 1.
710 4268 835 4317 thousand
846 4266 959 4327 knights.

962 4340 1022 4402 2r
