3140 4974
404 489 471 553 568
627 504 741 552 cnsrn
765 503 891 551 arcun
915 503 1126 551 nucnonun.
1206 488 1292 568 [ers.
1310 503 1356 550 ιν.

313 635 320 648 ⁸
404 659 602 735 constratis,
624 665 778 740 pontem,
802 657 863 741 qui
884 657 1005 721 turrim
1029 665 1065 721 et
1090 659 1220 722 moenia
1245 659 1355 722 conti-

406 766 541 835 nuaret,
567 757 687 821 fecere.
741 757 800 820 Ita
822 756 961 838 perfidis
983 776 1121 820 versum
1147 757 1183 820 in
1208 757 1354 821 exitium

406 857 499 938 quod
527 862 736 939 paraverant
764 855 808 918 ad
833 855 1032 919 remedium.
1084 855 1175 919 Tum
1200 875 1296 932 vero,
1319 863 1354 919 et

406 957 530 1019 fumeis
553 955 767 1018 flammarum
788 955 912 1035 globis,
929 960 965 1017 et
980 961 1176 1018 nostrorum
1195 954 1352 1030 audacia,

406 1054 523 1118 hostes
537 1054 675 1117 infracti
690 1053 808 1133 fugam
822 1054 955 1116 ineunt.
1008 1047 1138 1116 ¹Alteri
1152 1053 1188 1115 in
1205 1073 1353 1129 murum,

407 1160 443 1216 et
456 1153 535 1216 inde
549 1153 586 1214 in
602 1153 720 1214 urbem
734 1151 1005 1232 progredientes
1020 1159 1186 1234 quantum
1203 1152 1265 1214 illa
1279 1153 1352 1216 exi-

272 1282 358 1362 mpreo
407 1254 513 1332 gebat
527 1252 719 1314 animorum
732 1250 868 1327 laetitia,
881 1250 1039 1312 manibus
1054 1269 1165 1330 egere.
1217 1250 1265 1314 Et
1278 1249 1353 1314 haec

331 1333 373 1363 ω’
407 1350 545 1431 quidem
570 1349 716 1413 victoria
742 1349 778 1411 in
808 1356 908 1430 parte
933 1347 1113 1412 Godcfridi
1143 1356 1179 1412 et
1207 1348 1351 1411 duorum

409 1448 641 1512 Robertorum
664 1447 791 1510 evenit.
844 1446 1036 1528 Ignorabat
1052 1446 1116 1511 hoc
1135 1447 1352 1511 Raimundus

408 1547 515 1609 donec
541 1545 766 1626 fugitivorum
794 1545 935 1620 clamor,
959 1552 994 1609 et
1016 1565 1054 1608 se
1075 1546 1118 1609 de
1139 1565 1236 1609 muro
1260 1547 1353 1610 ultro

408 1645 699 1726 praecipitantium
724 1642 838 1719 timor,
867 1642 958 1730 (qui,
985 1643 1067 1707 dum
1092 1652 1237 1708 mortem
1262 1644 1355 1726 fugi-

409 1750 484 1819 unt,
502 1749 645 1805 mortem
671 1739 869 1825 invadunt,)
886 1744 1006 1805 urbem
1030 1750 1168 1825 captam
1191 1743 1353 1826 prodidit.

410 1841 514 1919 Quod
538 1841 697 1916 intuitus,
730 1841 928 1923 strictisque
955 1841 1080 1922 gladiis
1107 1842 1144 1904 in
1169 1835 1353 1922 ²fugitiv0s

409 1940 555 2015 irruens,
568 1946 736 2021 quantum
761 1939 972 2003 animositati
994 1959 1067 2002 suae
1094 1940 1249 2004 sufficere
1259 1940 1353 2023 judi-'

409 2039 514 2114 cavit,
531 2038 675 2121 injurias
693 2036 761 2101 Dei
785 2037 894 2101 ultum
918 2037 969 2100 ire
991 2037 1190 2102 festinabat.
1242 2039 1352 2117 Quin·

408 2144 531 2216 gentos
544 2156 682 2219 quoque
695 2135 892 2218 AEthiopaS,
905 2137 977 2217 qui,
991 2137 1027 2198 in
1041 2157 1155 2201 arcem
1172 2138 1289 2202 David
1301 2158 1352 2201 re·

409 2234 495 2316 fugi,
510 2236 626 2299 claves
649 2241 840 2317 portarum,
862 2235 1017 2316 pollicita
1039 2231 1267 2300 membrorum
1291 2237 1353 2298 im-

410 2335 581 2414 punitate,
611 2333 837 2409 tradiderant,
863 2340 1020 2414 spectato
1050 2335 1145 2416 pacis
1176 2335 1354 2398 commodo

410 2433 604 2513 praesentis,
631 2431 820 2494 incolumes
846 2429 1055 2496 Ascalonem
1086 2433 1227 2497 dimisit.
1279 2433 1355 2497 Nec

410 2530 518 2592 ullum
544 2537 619 2593 erat
638 2528 762 2592 Turcis
784 2529 966 2610 refugium,
992 2531 1043 2593 ita
1066 2538 1101 2594 et
1125 2530 1297 2614 supplices
1320 2539 1357 2595 ct

410 2628 554 2691 rebelles
586 2628 793 2690 insatiabilis
832 2629 886 2691 ira
914 2628 1084 2692 victorum
1120 2631 1354 2694 consumebat.

411 2726 540 2788 Decem
567 2725 677 2788 millia
707 2727 743 2788 in
770 2727 900 2808 templo
930 2727 1125 2791 Salomonis
1152 2729 1352 2808 interfecta3

410 2824 511 2906 plura
535 2843 580 2886 ex
605 2821 755 2916 fastigiis
781 2825 987 2906 templorum
1017 2834 1052 2890 et
1080 2826 1170 2891 arcis
1197 2828 1355 2910 praecipi-

410 2929 494 2984 tata.
548 2921 636 2984 Post
663 2921 738 2984 haec
768 2922 938 2986 cadavera
968 2924 1156 3003 cumulata,
1180 2927 1261 3006 igne
1291 2927 1355 2989 im-

411 3021 529 3096 misso,
550 3021 586 3082 in
615 3021 745 3083 aerium
768 3021 922 3084 resoluta
947 3030 1028 3086 sunt
1052 3024 1272 3100 elementum,
1300 3045 1356 3102 ne,

411 3120 475 3181 sub
501 3118 582 3181 divo
614 3118 650 3180 in
684 3120 799 3182 tabem
826 3119 980 3198 fluentia,
1006 3121 1109 3184 inerti
1142 3123 1355 3188 attraherent

410 3218 575 3298 contagia
600 3217 740 3281 mundo.
793 3217 851 3282 Ita
880 3219 974 3283 caede
996 3219 1185 3283 infidelium
1214 3222 1356 3302 expiata

410 3317 507 3388 urbe,
532 3315 750 3397 sepulchrum
771 3316 924 3394 Domini,
948 3319 1041 3400 quod
1068 3320 1200 3383 tamdiu
1224 3319 1357 3383 deside-

411 3421 585 3498 raverant,
610 3434 672 3495 pro
697 3434 767 3497 quo
794 3421 846 3478 tot
870 3415 1006 3478 labores
1031 3417 1195 3496 tulerant,
1221 3419 1354 3500 suppli-

411 3512 508 3574 cibus
531 3512 690 3575 cordibus
712 3519 747 3576 et
762 3515 961 3595 corporibus
978 3515 1208 3596 expetierrmt.
1260 3517 1357 3595 Quot

410 3609 458 3672 ibi
473 3629 611 3691 precum
627 3610 880 3676 thurificatione
894 3613 1020 3676 coelum
1034 3614 1260 3692 incenderint,
1271 3624 1357 3698 quot

410 3707 570 3789 lacrymis
596 3708 710 3772 Deum
732 3711 767 3772 in
790 3712 939 3791 gratiam
962 3713 1213 3791 revocaverint,
1239 3714 1354 3777 nullus

410 3825 562 3887 unquam
577 3807 741 3888 profiteor
756 3809 950 3873 evolveret:
969 3830 1032 3874 nec
1048 3813 1078 3874 si
1092 3819 1247 3876 veterum
1261 3833 1358 3894 pom-v

409 3905 526 3986 patica
549 3905 751 3988 eloquentia
771 3909 992 3988 procederet3
1026 3929 1096 3973 non
1129 3912 1159 3974 si
1184 3910 1356 3993 Orpbeus,

441 4181 569 4253 Ἀκοῆ]
593 4185 626 4236 Δ.
645 4187 680 4238 D.
702 4187 732 4236 E.
751 4187 798 4249 L.;
816 4187 869 4249 alii,
931 4185 1107 4259 ’Fugitioor.]
1126 4193 1157 4242 C.
1174 4194 1209 4242 D.
1224 4193 1272 4254 E.;
1289 4195 1357 4257 fugi.

408 4253 438 4302 S.
451 4255 481 4303 C.
877 4193 882 4320 f
894 4262 974 4322 entes,
985 4259 1018 4309 A.
1031 4261 1059 4310 S.
1071 4261 1102 4311 L.
