3148 4982
336 479 339 486 '
376 477 443 544 492
605 493 720 541 susm
744 491 870 540 Rasum
895 449 1108 538 rhenonum.
1181 477 1332 556 [nra1v.

378 651 518 732 mulque
539 649 714 715 confidens
729 651 861 714 nullum
879 650 943 714 sibi
960 668 1124 714 ausurum
1140 651 1329 734 obsistere:

379 769 530 832 moxque
555 751 670 814 occiso
694 751 758 814 sub
782 749 980 814 foeminibus
1003 749 1207 814 deturbatus
1229 771 1331 832 equo,

382 870 483 932 quem
507 867 548 912 eo
574 849 629 913 die
654 849 847 931 quindecim
877 849 1002 912 marcis
1027 848 1164 930 argenti
1188 856 1331 927 emerat,

381 949 485 1012 etiam
499 967 561 1030 per
574 946 696 1030 pedem
711 948 771 1011 diu
786 954 919 1011 tractus
934 955 1009 1025 est3
1032 948 1093 1011 sed
1108 947 1192 1012 fides
1215 949 1332 1013 loricae

382 1047 518 1110 obstitit
533 1066 577 1110 ne
591 1047 786 1110 laederetur.
838 1046 988 1129 Jamque
1009 1046 1108 1110 miles
1122 1047 1182 1128 qui
1197 1047 1331 1130 dejece-

382 1151 437 1208 rat
459 1164 599 1207 manum
622 1145 666 1208 ad
691 1145 852 1226 capulum
872 1146 1017 1226 aptabat
1040 1153 1080 1208 ut
1102 1145 1231 1222 feriret,
1250 1166 1329 1209 cum

382 1243 453 1319 ille,
470 1243 625 1323 periculo
639 1249 794 1306 extremo
819 1244 972 1320 territus,
988 1244 1174 1322 exclamat,
1197 1245 1330 1322 ‘Tolle‚

383 1341 529 1406 nebulo!
556 1361 619 1404 rex
634 1339 775 1423 Angliae
802 1360 878 1404 sum
890 1342 910 1405 i'
962 1342 1131 1422 Tremuit,
1146 1350 1231 1407 nota
1245 1362 1331 1408 voce

378 1439 542 1522 jacentis,
570 1441 696 1520 vulgus
724 1439 890 1519 militum3
918 1441 1107 1523 statimque
1135 1449 1333 1506 reverenter

383 1537 426 1600 de
452 1545 545 1602 terra
566 1539 682 1602 levato
702 1557 827 1620 equum
847 1538 993 1626 alterum
1014 1539 1201 1604 adducunt.
1254 1541 1332 1618 Ille,
1427 1580 1430 1584 -

383 1655 454 1699 non
480 1644 663 1718 expectato
693 1637 901 1714 ascensorio,
933 1638 1131 1720 sonipedem
1164 1639 1333 1716 insiliens,

384 1753 570 1816 omnesque
583 1737 845 1799 circumstantes
862 1737 977 1801 vivido
997 1738 1231 1818 perstringens
1251 1757 1332 1801 ocu·

384 1833 431 1909 lo,
455 1831 591 1910 ‘Quis’
609 1835 757 1915 inquit,‘
770 1853 825 1896 me
847 1834 901 1917 dej
905 1835 1011 1898 eciti'
1063 1835 1239 1900 Mussitan
1241 1838 1332 1899 tibus

385 1937 488 1994 cunct
489 1932 531 2007 is,
558 1933 656 1996 miles
678 1932 818 1996 audacis
839 1855 923 1995 fecii
946 1934 1104 1997 conscius
1129 1953 1199 1997 non
1222 1934 1332 1998 defuit

385 2029 579 2110 patrocinio
592 2049 668 2107 suo,
682 2031 818 2094 dicens:
845 2031 954 2112 ‘Eg0,
968 2033 1028 2113 qui
1043 2039 1078 2096 te
1092 2052 1161 2095 non
1175 2040 1334 2115 putarem

388 2145 464 2190 esse
488 2147 617 2209 regem,
642 2127 703 2191 sed
728 2129 896 2192 militem!
947 2130 1038 2192 Tum
1062 2150 1145 2194 vero
1170 2151 1233 2194 rex
1258 2133 1333 2213 pla-

388 2224 497 2302 cidus,
512 2227 680 2309 vultuque
701 2245 856 2303 serenus,
872 2222 901 2261 ‘¹
915 2227 984 2292 Per
1002 2229 1161 2305 vultum,'
1181 2229 1243 2307 ait,
1266 2231 1334 2294 ‘de

388 2322 508 2401 Luca,'
524 2317 590 2410 (sie
609 2326 700 2389 enim
719 2323 892 2410 jurabat,)
909 2332 1027 2390 ‘meus
1044 2347 1066 2391 a
1082 2327 1184 2392 modo
1203 2330 1281 2406 orie,
1299 2336 1335 2393 et

388 2520 567 2600 portabis.'
617 2522 735 2586 Macte
765 2524 872 2587 animi
899 2525 1108 2605 amplissime
1136 2545 1211 2602 rex,
1241 2527 1335 2608 quod

389 2616 453 2682 tibi
472 2620 683 2700 praeconium
708 2639 813 2703 super
834 2623 899 2686 hoc
922 2623 1015 2687 dicto
1036 2623 1249 2705 rependam?
1300 2624 1335 2689 A

389 2718 507 2797 magni
531 2719 705 2800 quondam
729 2718 923 2784 Alexandri
945 2742 1015 2785 non
1040 2721 1190 2804 degener
1212 2724 1336 2804 glorie,

388 2815 448 2894 qui
476 2815 620 2880 Persam
642 2818 785 2882 militem
807 2839 845 2883 se
870 2839 891 2882 a
912 2827 1012 2902 tergo
1037 2819 1138 2884 ferire
1160 2829 1335 2900 conatum,

388 2913 448 2976 sed
473 2934 536 2995 pro
561 2915 705 2996 perfidia
726 2919 817 2980 ensis
838 2937 901 3000 spe
926 2938 990 2982 sua
1013 2919 1228 2997 frustratum,
1242 2922 1337 2984 inco-

375 3010 514 3085 lumem
528 3032 591 3094 pro
607 3015 833 3080 admiratione
850 3017 1062 3082 fortitudinis
1078 3021 1307 3084 conservavit.

502 3201 549 3247 DE
573 3202 861 3254 MANSUETUDINE
884 3207 1029 3254 GOMITIS
1053 3209 1223 3272 ROBERTI.

226 3310 379 3400 fflilss‘
440 3305 550 3388 §alo
574 3307 598 3370 J
601 3327 657 3370 am
678 3329 761 3374 vero
785 3320 826 3376 ut
849 3314 892 3376 de
917 3313 1181 3379 mansuetudine
1204 3317 1339 3380 comitis

387 3403 511 3468 dicam.
565 3405 653 3468 Cum
683 3409 816 3473 obsidio
844 3431 886 3476 eo
910 3431 1019 3493 usque
1043 3415 1268 3494 processisset
1298 3422 1338 3478 ut

388 3519 479 3581 aqua
505 3502 640 3567 deesset
661 3508 832 3584 obsessis,
864 3511 957 3573 misit
990 3510 1165 3575 Henricus
1193 3513 1337 3576 nuncios

426 3743 852 3814 ΙΡ1111111111111...(ἰιΙιιιοιιᾶῚἾκῑεε
878 3753 939 3813 they
950 3755 1063 3815 pretend.
1100 3756 1172 3816 They
1190 3757 1240 3806 call
1258 3758 1280 3805 it
1290 3760 1307 3787 “
1315 3759 1340 3808 Il

390 3817 474 3864 words
486 3817 550 3866 have
567 3819 631 3866 been
641 3819 853 3881 frequentlymis·
879 3827 951 3871 santo
974 3823 1042 3872 voltu
1069 3824 1096 3871 di
1123 3825 1242 3875 Lucca:”
1271 3827 1291 3874 it
1316 3829 1338 3876 is

390 3885 529 3934 translated
550 3887 603 3935 into
621 3888 681 3949 ‘By
702 3889 739 3938 St.
757 3891 853 3938 Luke’s
878 3892 993 3952 stamped
1010 3907 1042 3940 on
1058 3893 1124 3941 their
1134 3894 1204 3942 coins
1214 3896 1277 3943 with
1288 3896 1339 3946 this

390 3952 472 4002 iacei’
482 3955 597 4004 whereas
608 3957 629 4004 it
639 3971 726 4006 means
742 3959 800 4019 ‘By
811 3960 853 4007 the
878 3960 978 4022 legend,
989 3961 1122 4010 “Sanctus
1133 3964 1219 4012 vultus
1236 3965 1269 4012 de
1286 3965 1339 4012 Lu-

390 4022 446 4071 feee
459 4024 606 4074 atLuceai'
642 4026 709 4074 Lord
726 4027 853 4088 Lyttleton
878 4029 1158 4079 oa.”'1nan1talian
1168 4033 1244 4095 book,
1255 4035 1338 4082 called

391 4093 588 4153 seye,‘There
581 4107 603 4142 rs
614 4098 641 4142 at
653 4095 758 4144 Lucca
751 4112 778 4144 111
789 4097 854 4145 Tus·
879 4098 920 4145 ‘Il
949 4098 1089 4148 Forestiere
1111 4101 1244 4150 informato
1272 4103 1338 4152 delle

391 4174 456 4220 cany
468 4175 500 4208 en
511 4163 611 4210 ancient
622 4164 701 4224 figure
718 4165 748 4213 of
756 4165 853 4227 Christ,
879 4180 937 4214 cose
959 4168 986 4214 di
1009 4168 1113 4229 Lucca,'
1134 4170 1184 4218 thie
1206 4171 1323 4232 legend
1315 4187 1339 4220 is

390 4227 499 4290 brought
521 4231 590 4280 there
612 4233 802 4296 miraculously,
824 4249 852 4284 as
879 4236 954 4296 given
969 4236 999 4283 in
1018 4241 1090 4298 great
1100 4237 1187 4287 detail
1223 4240 1276 4288 The
1293 4255 1339 4288 au-
