3140 4974
483 961 910 1044 PROLOGUS

401 1169 456 1227 IN
487 1171 692 1233 LIBRUM
726 1171 986 1237 QUINTUM.

629 1368 751 1379 *σ-

217 1526 353 1572 INCIPIT
371 1526 557 1575 PROLOGUS
578 1526 741 1575 EIUSDEM
760 1526 798 1573 IN
820 1527 960 1574 LIBRUM
983 1528 1167 1586 QUINTUM.

338 1664 362 1709 ¹o
374 1650 504 1716 RDIN
507 1651 537 1714 E
564 1671 676 1714 rerum
708 1658 866 1727 vocante,
900 1659 1035 1734 tempus
1067 1651 1165 1716 Hen-

230 1760 254 1797 ’
276 1760 277 1765 ’
305 1740 328 1823 ’ᾖ
393 1750 456 1812 rici
485 1751 577 1831 regis
599 1751 746 1831 ingressi
768 1769 908 1814 sumus:
941 1752 1041 1834 cujus
1067 1760 1167 1832 gesta

258 1852 283 1897 Ψ
297 1856 316 1895 a
333 1838 351 1945 ’ζ
394 1850 477 1931 styli
511 1848 622 1913 officio
662 1849 811 1931 posteris
845 1850 993 1927 tradere,
1024 1851 1165 1933 majoris

336 1938 343 1961 ⁴
393 1967 499 2029 quam
524 1967 546 2011 a
567 1949 667 2012 nobis
689 1948 814 2011 debeat
831 1941 982 2030 ¹exquiri
1007 1957 1061 2012 est
1085 1969 1166 2032 ope-

218 2066 290 2127 ree3
316 2054 454 2110 namet
478 2047 508 2110 si
534 2047 610 2110 sola
637 2067 714 2129 quae
742 2053 880 2110 nostras
912 2067 1013 2110 aures
1040 2048 1165 2130 attige-

218 2154 300 2211 runt
335 2147 464 2227 scripto
494 2145 753 2223 mandarentur,
785 2146 969 2228 cujuslibet
1002 2146 1165 2228 eloquen-

220 2247 345 2309 tissimi
373 2264 498 2309 nervos
523 2245 684 2327 fatigare,
708 2251 744 2308 et
769 2244 915 2325 grandia
944 2253 1086 2326 possent
1112 2265 1167 2308 ar-

220 2345 330 2408 maria
352 2363 511 2426 gravare.
564 2343 654 2422 Quis
683 2363 767 2425 ergo
796 2350 940 2407 conetur
964 2345 1080 2407 omnia
1105 2345 1166 2408 illa

219 2444 439 2508 consiliorum
455 2443 619 2526 pondera,
634 2443 696 2506 illa
711 2449 887 2525 gestorum
903 2443 1072 2525 regalium
1091 2463 1165 2508 mo·

219 2542 351 2619 limina,
381 2543 587 2607 enucleatim
617 2543 799 2606 retexeret
828 2541 960 2606 altioris
989 2549 1071 2606 sunt
1096 2543 1166 2606 ista

221 2643 351 2723 negotii
365 2648 401 2705 et
416 2641 589 2706 otiosioris
606 2643 723 2705 animi.
769 2640 843 2704 Vix
859 2640 934 2704 haec
950 2642 1093 2705 auderet
1108 2643 1164 2706 vel

222 2739 342 2805 Cicero
358 2740 394 2803 in
406 2760 523 2822 prosa,
538 2741 637 2824 cujus
653 2739 776 2805 adorat
790 2741 880 2804 sales
893 2747 969 2803 tota
980 2739 1166 2818 Latinitas5

220 2841 276 2905 vel
304 2839 334 2902 si
356 2841 435 2922 quis
452 2860 613 2904 versuum
636 2839 754 2906 favore
775 2839 1004 2903 Mantuanum
1026 2840 1167 2905 lacessit

220 2946 371 3020 poetam.
423 2937 523 3003 Adde
539 2940 644 3021 quod,
659 2940 741 3003 dum
764 2940 935 3021 ambiguis
958 2939 1165 3003 relatoribus

222 3039 323 3102 fidem
339 3038 495 3114 detraho,
520 3037 622 3101 homo
643 3037 765 3120 procul
779 3038 823 3099 ab
838 3038 958 3100 aulicis
981 3039 1167 3120 mysteriis5

220 3145 386 3213 secretus
409 3137 544 3219 majora
568 3142 668 3216 gesta
690 3136 866 3216 ignoranS,
888 3137 1010 3216 paucis
1026 3155 1167 3199 manum

221 3254 370 3317 appono.
422 3233 541 3312 Quare
565 3233 752 3296 verendum
777 3239 842 3308 est,
869 3252 924 3309 ne,
948 3232 1029 3294 dum
1057 3234 1166 3297 literae

221 3333 354 3397 distant
393 3334 437 3397 ab
472 3332 578 3395 enimi
606 3337 701 3407 voto,
738 3330 850 3393 minor
876 3331 1036 3395 videatur
1068 3331 1167 3415 cujus

222 3438 323 3514 gesta
334 3431 443 3495 multa
458 3437 639 3516 praetereo.
671 3428 908 3494 Veruntamen
923 3429 1026 3511 hujus
1042 3431 1166 3512 culpae,

222 3532 252 3594 si
269 3532 372 3614 culpa
389 3528 535 3595 dicenda
556 3537 620 3605 est,
637 3530 729 3593 bona
746 3528 812 3592 erit
825 3528 918 3610 apud
934 3529 1031 3591 illum
1046 3528 1166 3613 depre-
1193 3543 1199 3554 ’

222 3631 314 3694 catio
328 3631 387 3713 qui
404 3629 596 3694 meminerit
616 3648 671 3691 me
685 3647 749 3691 nec
763 3627 878 3690 omnia
892 3627 967 3711 ejus
989 3636 1089 3710 gesta
1105 3649 1166 3711 po·

222 3729 331 3792 tuisse
353 3748 467 3806 nosse,
492 3747 555 3792 nec
577 3728 693 3790 omnia
709 3745 787 3807 quae
811 3745 976 3790 noveram
1000 3728 1167 3810 scriptum

221 3827 264 3890 iri
278 3828 455 3892 debuisse:
480 3828 626 3892 alterum
649 3825 805 3908 exegerit
821 3843 978 3906 personae
1000 3845 1086 3889 meae
1106 3846 1168 3889 ex-

222 3926 327 4002 ilitas,
353 3927 500 3990 alterum
523 3933 686 3990 coactura
707 3925 754 3987 sit
775 3924 984 3988 lecturorum
1011 3924 1166 3988 satietas.

224 4023 344 4088 Pauca
365 4026 472 4107 igitur
497 4044 611 4088 rerum
643 4023 719 4107 ejus
745 4022 836 4085 liber
855 4023 910 4086 hic
936 4023 1078 4104 quintus
1104 4041 1168 4086 suo

394 4279 401 4310 ¹
418 4277 549 4341 Exquiri]
567 4277 602 4328 D.
614 4279 646 4328 Ε.
658 4293 664 4338 ;
680 4279 784 4326 omitted
799 4279 825 4325 in
837 4279 870 4328 A.
883 4278 911 4327 S.
926 4280 953 4326 C.
966 4279 997 4326 L.

967 4354 989 4415 2
1004 4369 1021 4416 s
