3152 4970
383 499 449 564 682
598 516 708 566 casm
734 513 861 563 saecu
886 515 1099 563 suonoaou.
1193 501 1280 582 [nin.
1299 518 1334 562 v.

384 691 460 736 rum
492 671 653 752 gratiam,
684 689 706 732 a
733 671 877 733 Francis
911 667 1155 750 generositatis
1183 670 1335 734 eminen-

384 773 481 834 tiam.
534 770 588 832 De
618 769 750 833 militiae
777 788 880 850 porro
907 775 1034 832 vestrae
1062 767 1234 831 industria
1257 770 1335 851 quis

384 869 534 945 haesitet,
551 888 630 931 cnm
651 887 727 932 eam
745 867 1057 932 excellentissimus
1072 874 1172 948 pater
1184 867 1220 930 in
1236 869 1334 932 vobis

385 969 578 1051 suspiciatl
648 967 736 1032 Cum
768 968 859 1030 enim
895 966 1003 1048 aliqui
1034 973 1149 1030 motus
1177 966 1214 1028 in
1241 967 1334 1031 Nor-

385 1066 526 1132 mannia
554 1067 774 1143 nunciantur,
807 1085 870 1130 vos
902 1065 1096 1147 praemittit,
1133 1072 1173 1129 ut
1205 1064 1334 1132 virtute

387 1173 505 1231 vestra
520 1165 759 1248 profligentur,
783 1172 946 1247 suspecta
969 1165 1161 1246 sagacitate
1183 1164 1333 1229 redinte-

387 1273 506 1347 gretur
521 1265 726 1329 concordia:
755 1284 833 1327 cum
855 1263 945 1328 redit
966 1264 1003 1328 in
1024 1282 1258 1345 regnum,vos
1280 1283 1334 1326 re-

388 1365 494 1441 ducit,
508 1375 548 1427 ut
564 1363 640 1427 sitis
663 1365 694 1427 ei
709 1363 793 1427 foris
811 1363 943 1440 tutelae,
959 1363 1051 1428 domi
1070 1363 1215 1438 laetitiae,
1233 1382 1333 1426 orna·

389 1464 656 1544 mentoubique.
1130 1459 1132 1466 ’

440 1561 544 1645 5447.
570 1561 706 1624 Literas
728 1560 779 1624 ita
795 1560 933 1638 fovetis,
956 1567 996 1624 ut
1018 1580 1096 1625 cum
1120 1559 1196 1625 sitis
1219 1566 1333 1624 tanta·

388 1679 463 1723 rum
491 1659 755 1741 occupationum
788 1660 877 1723 mole
903 1659 1064 1736 districti,
1091 1659 1195 1724 horas
1218 1666 1333 1722 tamen

389 1759 524 1840 aliquas
546 1759 645 1822 vohis
667 1757 873 1840 surripiatis,
891 1760 1016 1840 quibus
1041 1765 1102 1822 aut
1118 1758 1185 1839 ipsi
1207 1758 1334 1839 legere,

389 1864 451 1920 aut
467 1858 622 1938 legentes
636 1857 777 1939 possitis
797 1855 929 1920 audire.
981 1857 1100 1938 Digne
1120 1857 1240 1938 itaque
1261 1876 1335 1919 mo-

390 1956 575 2034 deramine
597 1954 745 2019 fortunae
770 1962 897 2020 νοείτω
926 1955 1164 2019 celsitudinem
1195 1974 1334 2037 compo-

390 2056 485 2132 nitis,
502 2054 583 2118 dum
612 2073 675 2118 nec
701 2053 857 2117 militiam
881 2062 1022 2137 propter
1047 2054 1167 2117 literas
1190 2060 1334 2136 postpo-

390 2153 485 2231 nitis,
514 2173 577 2218 nec
606 2151 725 2218 literas
754 2160 896 2235 propter
923 2153 1094 2229 militiam,
1120 2160 1161 2217 ut
1183 2152 1336 2235 quidam,

391 2253 603 2336 conspuitis:
626 2252 663 2315 in
678 2271 748 2335 quo
761 2253 866 2316 etiam
882 2253 1036 2317 scientiae
1051 2258 1177 2316 vestrae
1188 2253 1336 2334 patescit

391 2353 606 2429 miraculum,
622 2353 716 2434 quia,
730 2351 813 2416 dum
825 2352 932 2416 libros
948 2351 1105 2433 diligitis,
1123 2350 1215 2414 datis
1232 2345 1336 2415 ¹indi-

392 2453 483 2516 cium
499 2471 603 2534 quam
618 2451 729 2517 avidis
752 2448 910 2515 medullis
926 2450 1055 2514 fontem
1071 2470 1188 2514 eorum
1208 2452 1336 2514 combi-

390 2551 532 2629 beritis;
551 2544 688 2614 ²multae
705 2550 873 2631 siquidem
896 2569 963 2627 res,
978 2550 1083 2614 etiam
1098 2569 1176 2612 cum
1192 2569 1261 2614 non
1274 2549 1336 2614 ha-

391 2650 528 2725 hentur,
542 2649 792 2725 desiderantur,
808 2649 1059 2732 philosophiam
1073 2649 1189 2712 nullus
1207 2650 1337 2713 amabit

393 2749 453 2829 qui
466 2765 543 2811 eam
558 2754 715 2811 extrema
729 2747 891 2812 satietate
906 2769 975 2812 non
991 2749 1156 2813 hauserit.

444 2846 462 2929 §
486 2845 563 2910 448.
587 2845 611 2909 J
614 2847 743 2910 ustitiae
772 2855 898 2910 νοείτω
926 2848 1019 2912 fama
1047 2848 1205 2929 regiones
1233 2847 1337 2911 etiam

393 2951 530 3009 nostras
555 2944 694 3027 attigit;
718 2965 740 3008 a
760 2947 859 3010 vohis
886 2948 1053 3030 siquidem
1078 2966 1224 3028 pravum
1242 2946 1337 3030 judi·

393 3045 484 3110 cium
511 3063 688 3126 nunquam
713 3047 861 3110 extorsit
885 3047 940 3133 vel
962 3065 1119 3130 personae
1145 3046 1338 3110 sublimitas

393 3145 449 3209 vel
477 3144 626 3208 sortunae
659 3145 820 3211 tenuitas.
875 3145 972 3211 Nihil
998 3146 1128 3228 reperit
1154 3148 1191 3208 in
1222 3151 1337 3209 vestro

393 3252 533 3326 pectore
547 3243 639 3326 quod
655 3243 727 3307 suis
744 3245 916 3310 conducat
931 3247 1064 3310 artibus
1085 3246 1147 3328 qui
1163 3245 1337 3328 justitiam

394 3344 602 3408 labefactare
627 3350 784 3419 conatur,
808 3363 869 3408 seu
892 3346 1065 3410 oblatione
1088 3345 1253 3421 muneris,
1277 3363 1337 3408 seu

394 3443 616 3506 delinimento
630 3443 772 3506 favoris,

445 3541 555 3622 §449
578 3535 840 3606 ³Munificentiae
860 3548 985 3607 vestrae
1010 3544 1234 3624 pecuniaeque
1256 3562 1338 3606 con·

393 3646 561 3721 temptum
584 3641 769 3721 praetendit
783 3641 1035 3705 Tcoohesbiriae
1057 3643 1272 3720 coenobium
1296 3639 1338 3703 de

391 3757 460 3821 quo
483 3736 540 3825 (ut
561 3735 682 3821 audio)
697 3760 766 3804 non
789 3741 899 3804 solum
924 3741 1029 3804 xenia
1052 3761 1121 3804 non
1146 3740 1338 3816 corroditis,

424 4067 433 4100 ¹
445 4068 589 4133 Indicium]
601 4069 635 4119 A.
647 4070 676 4120 G.
689 4069 724 4119 D.
736 4069 769 4119 Ε.
781 4070 852 4129 L2·;
912 4097 923 4131 a
931 4093 1339 4166 Munificentioe,..jedicio.]A·S·

382 4140 561 4327 uthai·
575 4208 608 4258 r.
628 4210 657 4259 ο.
676 4209 710 4259 υ.
730 4211 760 4257 a
875 4169 1295 4291 resarciuntur
1312 4168 1341 4216 ,f

472 4313 480 4341 ,
514 4313 520 4327 .
