3080 4960
192 489 263 537 ure.
279 472 352 553 nu]
483 487 658 539 rusrorun
681 488 858 536 novrum.
1079 472 1146 537 743

192 644 340 708 rundam
362 642 478 725 palem
494 649 530 707 et
542 644 707 726 probrose
730 643 965 708 dictitantium
988 661 1058 708 non
1082 665 1144 709 ex-

191 742 309 826 pedire
324 743 441 807 comiti
456 749 496 805 ut
515 762 631 823 regem
657 761 757 806 secus
781 761 822 807 ac
843 742 910 825 ipsi
926 743 1056 808 vellent
1071 763 1144 808 ser·

194 849 304 919 varet,
320 841 423 906 simul
438 849 475 906 et
489 842 572 924 quia
590 843 665 923 ipse
685 840 860 906 ferebatur
875 842 1072 926 plusquam
1089 863 1144 908 se·

194 941 274 1018 mel,
288 941 344 1006 vel
358 940 463 1004 elusis
477 941 534 1006 vel
549 940 700 1004 delinitis
724 941 939 1018 custodibus
953 950 1056 1006 extra
1071 950 1144 1006 sta-

195 1047 307 1105 tutam
327 1039 520 1104 custodiam
542 1046 647 1104 noctu
668 1040 861 1122 praesertim
883 1042 1057 1120 inventuS,
1081 1061 1145 1106 an·

195 1139 285 1204 nulis
301 1138 422 1203 ferreis
439 1139 626 1203 innodatus
642 1146 707 1204 est.

195 1329 371 1389 QUOMODO
387 1328 635 1390 IMPERATRIX,
651 1328 854 1380 lNDUSTRlA
864 1328 1019 1389 ¹GOMITIS
1035 1329 1144 1374 GLOE·

245 1427 404 1489 OESTRAE,
427 1428 452 1475 A
475 1428 615 1475 LEGATO
645 1428 689 1474 ΕΤ
718 1425 933 1486 QUIBUSDAM
964 1427 1144 1475 El’lSOOPlS

246 1527 290 1572 ET
314 1526 540 1574 PRIMA'I'IBUS
565 1526 763 1588 WINTONIAE
786 1525 951 1573 REOEPTA
975 1526 1043 1572 SIT.

246 1632 333 1716 542.
358 1632 503 1696 Interim
519 1639 555 1696 et
570 1633 774 1714 imperatrix
790 1640 827 1696 et
842 1651 957 1696 comes
981 1633 1073 1715 apud
1096 1632 1144 1696 le·
1157 1611 1292 1704 redirent

197 1737 317 1814 gutum
339 1732 482 1795 fratrem
505 1732 581 1814 ejus
607 1732 742 1795 nunciis
772 1739 929 1813 egerunt,
954 1739 993 1796 ut
1019 1734 1144 1814 ipsam,
1156 1707 1300 1804 mliii

195 1838 362 1912 tanquam
379 1832 472 1912 regis
486 1830 633 1894 Henrici
652 1830 770 1907 filiam,
785 1836 831 1894 et
852 1831 908 1894 cui
933 1833 1045 1894 omnis
1069 1830 1143 1895 An·
1156 1805 1276 1854 ‘¹²⁶¹⁶⁸⁸”‘

196 1929 269 2011 glia
291 1937 327 1993 et
351 1928 567 1993 Normannia
580 1929 702 2013 jurata
723 1936 826 2007 esset,
846 1929 1086 1994 incunctanter
1108 1931 1145 1993 in
1222 1955 1225 1964 ·

195 2028 377 2092 ecclesiam
399 2035 435 2092 et
450 2048 596 2110 regnum
619 2030 797 2110 reciperet.
850 2027 988 2106 Quarto
1011 2028 1144 2094 decimo
1157 2053 1249 2094 rnre.

195 2125 364 2192 kalendas
384 2127 506 2192 Martii
528 2147 570 2192 eo
597 2147 688 2192 anno
714 2129 826 2210 prima
847 2127 1030 2192 Dominica
1047 2127 1144 2206 Qua·

197 2226 400 2308 dragesimae
417 2226 494 2290 suit.
529 2226 600 2303 Ita,
614 2226 843 2290 mediantibus
859 2227 1040 2308 utrobique
1056 2247 1144 2290 nun-

198 2324 273 2402 ciis,
291 2325 334 2389 ad
349 2325 415 2390 boc
426 2345 481 2389 res
495 2326 672 2408 expedita,
686 2333 725 2389 ut
734 2325 786 2390 ad
803 2326 1013 2407 colloquium
1028 2327 1065 2389 iu
1080 2346 1144 2409 pa·

197 2425 285 2488 tenti
301 2425 445 2507 planitie
463 2443 662 2507 camporum
679 2425 767 2488 citra
782 2423 997 2489 Wintoniam
1018 2445 1144 2490 convo·

197 2522 341 2588 niretur.
360 2591 362 2598 ,
392 2524 546 2588 Ventum
560 2543 643 2605 ergo
664 2523 849 2587 Dominica
865 2525 968 2588 tertia
982 2523 1143 2602 Quadra·
1157 2548 1258 2589 umus.

197 2623 350 2704 gesimae,
373 2623 532 2705 pluvioso
547 2631 583 2688 et
596 2623 761 2687 nebuloso
776 2623 843 2699 die,
860 2625 960 2704 quasi
983 2631 1144 2688 moestam

198 2740 312 2785 causae
323 2722 593 2787 vicissitudinem
604 2722 695 2786 Fata
707 2721 962 2804 portenderent.
1002 2722 1145 2788 Juravit

199 2826 234 2884 et
247 2819 400 2886 affidavit
414 2823 617 2903 imperatrix
635 2821 809 2904 episcopo,
826 2822 918 2903 quod
938 2823 1054 2886 omnia
1071 2842 1145 2886 ma·

193 2918 273 3002 jora
300 2922 440 3002 negotia
464 2921 501 2982 in
516 2919 658 3001 Anglia,
677 2919 919 3002 praecipueque
940 2919 1145 2984 donationes

197 3019 459 3101 episcopatuum
476 3025 512 3082 ct
529 3019 756 3094 abbatiarum,
771 3017 847 3100 ejus
863 3025 984 3081 nutum
1007 3027 1144 3100 specta·

199 3123 288 3193 rent,
305 3118 336 3180 si
357 3135 434 3179 eam
450 3117 527 3198 ipse
543 3109 596 3178 ¹in
615 3124 737 3179 sancta
758 3116 904 3179 ecclesia
918 3117 955 3179 in
970 3117 1144 3181 dominam

198 3215 376 3296 reciperet,
409 3221 445 3278 et
473 3221 675 3298 perpetuam
705 3215 737 3278 ei
767 3214 968 3279 fidelitatem
1000 3222 1144 3281 teneret.
1245 3251 1248 3256 ·

200 3312 298 3377 Idem
308 3313 518 3396 juraverunt
532 3333 610 3378 oum
632 3332 686 3390 ea,
699 3321 734 3378 et
756 3311 983 3378 affidaverunt
1005 3334 1069 3396 pro
1092 3335 1146 3392 ea,

201 3412 377 3476 Robertus
406 3413 513 3477 frater
541 3412 619 3496 ejus
646 3431 760 3476 comes
790 3413 833 3477 de
864 3411 1089 3490 Gloecestra,
1111 3422 1146 3478 et

200 3512 352 3575 Brienus
377 3512 468 3575 filius
491 3512 626 3576 comitis
650 3511 802 3576 marchio
829 3511 872 3574 de
894 3511 1145 3593 Walingeford,

200 3616 236 3674 et
251 3610 339 3675 Milo
354 3610 396 3674 de
412 3609 627 3688 Glnecestra,
642 3618 765 3693 postea
775 3629 889 3674 comes
903 3610 945 3674 de
961 3611 1147 3689 Herefnrd,

200 3716 236 3773 et
250 3710 406 3773 nonnulli
422 3710 493 3775 alii.
528 3709 604 3774 Nec
621 3710 985 3793 dubitavitepiscopus
1000 3712 1148 3792 impera-

200 3810 320 3873 tricem
342 3810 379 3871 in
401 3810 574 3874 dominam
598 3807 737 3890 Angliae
769 3809 932 3890 recipere,
955 3816 990 3873 et
1012 3811 1044 3872 ei
1069 3830 1148 3874 cum

200 3906 406 3991 quibusdam
422 3907 494 3972 suis
510 3907 661 3986 affidare,
677 3907 782 3991 quod,
799 3909 963 3990 quamdiu
978 3909 1055 3990 ipsa
1065 3928 1148 3991 pac-

201 4013 276 4087 tum
292 4026 362 4072 non
384 4007 599 4090 infringeret,
612 4009 687 4090 ipse
702 4027 839 4091 quoque
862 4007 963 4071 fidem
986 4008 1018 4071 ei
1033 4014 1149 4072 custo·

484 4256 558 4322 11η.]
576 4259 670 4320 s.1>.;
694 4259 870 4321 cum,E.L2.

603 4351 605 4354 '
950 4347 964 4391 3
982 4357 996 4391 c
1014 4347 1029 4391 2
1105 4391 1112 4410 ἱ
