3104 4974
416 452 482 516 416
627 464 740 512 cnsra
764 465 890 512 nnouu
916 463 1128 512 sucuouuu.
1210 451 1368 532 [maur.

250 647 303 687 an.
316 648 370 686 roes.
416 623 591 699 sistentes,
615 620 657 684 de
682 619 944 702 insequentibus
968 619 1121 700 insignes
1139 621 1248 686 cladis
1273 616 1369 685 acer'-

417 740 480 786 vos
500 720 674 798 facerent3
709 738 801 794 nam,
825 724 995 799 occupato
1019 719 1165 796 tumulo,
1193 721 1368 784 Norman-

417 838 492 895 nos,
519 819 632 882 calore
661 836 845 882 succensos
870 817 997 879 acriter
1028 816 1072 880 ad
1102 820 1281 899 superiora
1313 815 1366 883 ui·

416 925 541 994 tentes,
570 918 607 981 in
633 916 760 981 vallem
789 914 968 998 dejiciunt,
995 915 1131 997 levique
1160 919 1300 998 negotio
1329 919 1366 981 in

416 1016 592 1099 subjectos
607 1016 678 1079 tela
693 1021 907 1097 torquentes,
922 1013 1055 1096 lapides
1069 1021 1235 1092 rotantes
1248 1035 1367 1080 omues

416 1115 461 1178 ad
476 1134 581 1178 unum
594 1113 755 1177 fundunt.
800 1113 890 1177 Item
905 1112 1073 1176 fossatum
1088 1114 1260 1195 quoddam
1275 1135 1366 1198 prae·

417 1220 558 1295 ruptum
581 1211 836 1295 compendiario
858 1217 893 1275 et
914 1218 997 1275 noto
1020 1211 1086 1275 sibi
1110 1213 1259 1276 transitu
1283 1233 1365 1279 eva-

417 1411 512 1475 mulo
528 1409 734 1474 cadaverum
748 1408 926 1490 planitiem
943 1410 1055 1489 campi
1069 1417 1263 1495 aequarent,
1290 1410 1365 1474 Va-

417 1507 483 1571 luit
510 1509 585 1572 haec
609 1508 821 1583 vicissitudo,
848 1508 949 1571 modo
968 1507 1050 1583 illis,
1074 1509 1176 1572 modo
1198 1510 1274 1572 istis
1289 1509 1365 1573 vin·

417 1608 586 1683 centibus,
601 1615 770 1689 quantum
782 1600 790 1637 ¹
800 1606 948 1669 Haroldi
965 1607 1040 1670 vita
1052 1625 1183 1669 moram
1200 1607 1302 1687 fecit3
1327 1615 1365 1672 at

418 1707 477 1769 ubi
485 1706 586 1788 jactu
601 1707 741 1785 sagittae
755 1705 885 1769 violato
904 1706 1043 1771 cerebro
1063 1706 1259 1786 procubuit,
1279 1706 1365 1788 fuga

418 1803 612 1886 Anglorum
634 1805 795 1885 perennis
822 1805 858 1866 in
887 1811 987 1868 nocte
1015 1803 1092 1866 fuit.
1145 1804 1294 1869 Emicuit
1317 1806 1365 1869 ibi

417 1903 528 1967 virtus
541 1905 719 1967 amborum
733 1903 870 1965 ducum.

257 2027 396 2086 ultroneus
469 2001 577 2084 §243.
602 2001 792 2077 HarolduS,
806 2020 874 2064 non
889 2009 1073 2066 contentus
1093 2021 1234 2065 munere
1255 2003 1363 2084 impe·
1446 2055 1452 2064 .

256 2078 379 2165 ffigtn
417 2103 547 2165 raterio
562 2109 602 2164 ut
614 2102 810 2164 hortaretur
823 2099 922 2175 alios,
939 2101 1057 2162 militis
1076 2100 1224 2163 officium
1244 2101 1364 2164 sedulo

416 2202 671 2281 exequebatur3
707 2218 801 2280 saepe
828 2197 962 2261 hostem
991 2199 1146 2262 cominus
1169 2200 1362 2263 venientem

415 2297 529 2374 ferire,
556 2305 596 2361 ut
626 2297 740 2360 nullus
766 2298 905 2377 impune
930 2297 1108 2361 accederet
1134 2299 1218 2379 quin
1245 2301 1363 2361 statim

417 2416 487 2459 uno
501 2396 573 2459 ictu
589 2415 697 2477 equus
712 2405 746 2458 et
762 2415 867 2477 eques
884 2395 1119 2477 prociderent:
1142 2404 1364 2478 quapropter,

418 2502 456 2557 ut
471 2495 556 2570 dixi,
570 2496 702 2558 eminus
717 2494 836 2557 lethali
853 2494 1019 2557 arundine
1034 2495 1123 2558 ictus
1140 2502 1283 2574 mortem
1298 2495 1362 2559 im·

417 2592 534 2674 plevit.
586 2593 609 2655 J
612 2593 743 2656 acentis
759 2591 870 2654 femur
884 2611 974 2654 unus
987 2592 1132 2656 militum
1149 2593 1264 2674 gladio
1283 2614 1364 2675 pro-

416 2691 517 2756 scidit
530 2712 538 2769 ;
557 2692 646 2754 unde
660 2710 682 2753 a
698 2690 874 2754 Willelmo
889 2691 1087 2772 ignominiae
1103 2698 1256 2768 notatus,
1271 2693 1364 2774 quod

415 2809 487 2852 rem
503 2791 666 2871 ignavam
680 2797 715 2853 et
730 2790 922 2871 pudendam
938 2790 1087 2866 fecisset,
1101 2790 1225 2852 militia
1242 2791 1364 2872 pulsus

415 2896 479 2952 est.

254 3009 363 3049 warena
467 2987 573 3070 §244
598 2987 688 3052 Item
704 2988 901 3052 Willelmus
927 3007 1009 3051 suos
1036 2989 1185 3051 clamore
1212 2995 1248 3051 et
1273 3007 1363 3070 prae-

253 3061 345 3149 ῗιῗιέῗέει
415 3088 528 3151 sentia
548 3086 691 3163 hortari,
712 3088 787 3168 ipse
809 3089 940 3169 primus
959 3106 1173 3169 procurrere,
1190 3087 1362 3151 confertos

414 3184 531 3250 hostes
550 3186 734 3270 invadere:
758 3186 835 3249 ideo
852 3186 933 3248 dum
957 3187 1084 3267 ubique
1107 3187 1219 3262 saevit,
1235 3186 1362 3267 ubique

415 3285 597 3360 infrendet,
615 3291 685 3348 tres
702 3304 809 3366 equos
827 3285 1032 3348 lectissimos
1049 3285 1112 3346 sub
1129 3303 1166 3346 se
1183 3284 1360 3347 confossos

415 3403 457 3446 ea
473 3384 529 3446 die
545 3384 668 3447 amisit.
723 3383 882 3446 Perstitit
898 3389 1014 3446 tamen
1035 3383 1247 3463 magnanimi
1264 3382 1361 3445 ducis

415 3489 451 3544 et
476 3500 601 3564 corpus
623 3491 658 3546 et
681 3483 827 3557 animae,
852 3482 1011 3562 quamvis
1035 3481 1196 3544 familiari
1219 3499 1361 3544 susurro

415 3597 437 3642 a
459 3580 659 3644 custodibus
682 3581 834 3662 corporis
857 3587 1100 3657 revocaretur3
1124 3579 1276 3660 perstitit
1291 3578 1363 3666 (in-

415 3676 537 3762 quam)
552 3680 662 3742 donec
677 3679 856 3742 victoriam
875 3678 1010 3761 plenam
1030 3678 1274 3760 superveniens
1291 3697 1362 3740 nox

414 3777 621 3842 infunderet.
674 3777 720 3840 Et
739 3777 965 3859 proculdubio
983 3777 1102 3841 divina
1118 3777 1215 3839 illum
1239 3795 1362 3840 manus

414 3878 580 3957 protexit,
595 3883 636 3939 ut
646 3876 731 3939 nihil
740 3876 919 3957 sauguinis
935 3895 979 3939 ex
990 3876 1065 3958 ejus
1079 3895 1223 3956 corpore
1234 3868 1362 3938 ²hostis

414 3974 579 4051 hauriret,
596 3995 804 4057 quamquam
818 3975 914 4038 illum
933 3981 986 4039 tot
998 3974 1126 4058 jaculis
1143 3975 1335 4055 impeteret.

449 4162 597 4229 ¹Horoldr'.]
615 4165 648 4214 A.
668 4167 696 4215 S.
717 4167 752 4215 D.
774 4167 806 4215 E.
826 4166 875 4226 L.;
936 4162 1067 4228 ²Hostr'r.]
1080 4164 1112 4214 A.
1126 4165 1155 4214 S.
1165 4167 1193 4214 C.
1203 4165 1237 4214 D.
1251 4165 1275 4212 E
1283 4167 1365 4226 2.L.;

414 4234 537 4294 Haroldo,
550 4235 579 4282 G.
899 4235 1002 4283 omitted
1015 4236 1040 4282 in
1054 4236 1106 4282 El.
