3148 4982
239 501 307 546 nin.
328 483 393 564 1v.]
471 502 585 548 casm
611 503 736 551 nncuu
761 505 975 554 anouonuu.
1127 493 1192 557 529

238 661 321 725 tatis
348 662 454 724 situm
471 680 492 724 a
507 681 544 724 se
563 662 732 744 repellent
746 662 912 743 quamdiu
927 661 1030 725 fuerit
1045 662 1105 744 qui
1123 664 1190 728 La·

239 762 332 824 tinas
347 761 468 824 literas
485 761 591 842 legat.
645 761 786 825 Noram
800 762 929 825 literati
946 760 1039 843 quod
1056 762 1189 844 loquor.

240 860 397 924 Tertium
408 860 527 924 mundi
543 861 647 925 clima
669 869 779 925 restat
795 861 948 944 Europa,
966 861 1064 945 cujus
1080 882 1189 944 quan*

240 960 350 1023 tulam
371 967 507 1041 partem
532 960 764 1024 inhabitamus
783 960 996 1024 Christianil
1020 979 1100 1024 nam
1116 982 1190 1026 orn-

241 1079 318 1123 nem
332 1058 428 1122 illam
442 1060 635 1123 barbariem
652 1080 730 1141 quae
752 1061 789 1122 in
811 1061 953 1124 remotis
968 1060 1091 1123 insulis
1115 1061 1190 1143 gla-

239 1159 362 1222 cialem
390 1158 588 1240 frequentat
613 1178 794 1237 oceanum,
810 1161 893 1242 quia
919 1179 1014 1223 more
1038 1160 1190 1226 belluino

241 1258 391 1335 victitat,
406 1256 639 1322 Christianam
660 1260 737 1340 quis
762 1260 916 1323 dixerit?
952 1259 1055 1322 Hanc
1083 1260 1191 1341 igitur

241 1358 351 1422 nostri
365 1358 482 1421 mundi
497 1357 753 1439 portiunculam
762 1359 868 1423 Turci
884 1365 919 1421 et
936 1357 1099 1422 Saraceni
1117 1361 1190 1423 bel·

243 1456 277 1521 lo
301 1466 481 1539 premunt3
500 1458 645 1541 jamque
661 1477 683 1521 a
699 1458 863 1521 trecentis
889 1458 991 1521 annis
1015 1458 1191 1540 Hispania

244 1563 279 1619 et
302 1557 507 1620 Balearibus
527 1556 649 1620 insulis
672 1557 881 1639 subjugatis,
906 1556 999 1639 quod
1021 1557 1191 1639 reliquum

242 1663 297 1720 est
313 1675 375 1738 spe
392 1657 572 1732 devorant,
589 1656 743 1730 homines
766 1657 978 1733 inertissimi,
994 1663 1029 1720 et
1044 1657 1116 1739 qui,
1132 1677 1191 1722 co-

243 1755 358 1818 minus
388 1756 566 1839 pugnandi
591 1756 751 1819 fiduciam
775 1775 844 1820 non
874 1755 1053 1832 babentes,
1080 1756 1190 1838 fugax

243 1854 372 1917 bellurn
398 1855 558 1936 diligunt.
612 1855 802 1937 Nunquam
825 1855 915 1918 enim
943 1855 1079 1918 Turcus
1105 1857 1191 1938 pede

243 1961 403 2018 conserto
427 1962 573 2019 martem
605 1955 721 2031 audet,
746 1955 806 2017 sed
835 1955 955 2037 pulsus
985 1954 1063 2018 loco
1089 1954 1191 2038 longe

242 2054 355 2117 tendit
384 2074 522 2131 nervos,
554 2061 590 2117 et
621 2055 790 2136 permittit
815 2053 962 2117 vulnera
986 2055 1121 2133 ventis3
1156 2063 1191 2120 et

244 2154 406 2234 quoniam
421 2153 526 2218 babet
540 2153 611 2217 tela
626 2153 803 2217 mortifero
819 2173 924 2217 succo
947 2153 1055 2229 ebria,
1070 2155 1106 2216 in
1128 2154 1190 2218 ho-

244 2253 369 2316 minem
385 2273 487 2334 quem
509 2254 670 2334 percutit,
689 2273 759 2316 non
775 2252 884 2316 virtus
906 2252 967 2315 sed
982 2253 1077 2316 virus
1099 2251 1198 2318 mor?

244 2358 314 2415 tem
337 2352 432 2416 facit.
484 2351 659 2434 Quicquid
681 2351 788 2433 igitur
817 2351 904 2434 agit,
931 2351 1090 2428 fortunae,
1121 2373 1190 2416 non

241 2451 450 2529 fortitudini,
465 2452 693 2529 attribuerim,
711 2451 803 2534 quod
826 2458 960 2534 pugnat
975 2451 1059 2532 fuga
1079 2459 1114 2515 et
1130 2473 1188 2517 ve—

243 2570 344 2616 neno.
397 2550 544 2616 Constat
559 2551 715 2634 profecto
743 2551 835 2633 quod
858 2552 968 2614 omnis
993 2551 1090 2616 natio
1112 2572 1189 2634 quae

241 2650 278 2712 in
301 2670 344 2714 ea
358 2651 465 2733 plaga
482 2653 649 2728 nascitur,
665 2651 772 2714 nimio
794 2649 878 2715 solis
901 2650 1024 2714 ardore
1047 2651 1189 2729 siccata,

243 2751 391 2832 amplius
409 2751 546 2833 quidem
570 2751 674 2833 sapit,
697 2751 757 2813 sed
780 2751 894 2814 minus
920 2750 1024 2814 habet
1047 2753 1188 2833 sangui—

242 2849 316 2929 nis3
340 2850 486 2932 ideoque
503 2851 652 2914 vicinam
673 2869 826 2933 pugnam
848 2850 998 2932 fugiunt,
1024 2852 1105 2932 quia
1126 2871 1189 2933 pa·

238 2967 318 3011 rum
345 2949 525 3031 sanguinis
556 2969 593 3014 se
618 2949 744 3013 habere
768 2953 926 3012 norunt'
958 2948 1101 3027 Contra,
1125 2971 1187 3032 po-

241 3049 344 3130 pulus
360 3050 420 3131 qui
438 3049 549 3112 oritur
565 3051 602 3113 in
617 3049 745 3113 arctois
760 3050 905 3132 pruiniS,
917 3056 952 3112 et
967 3058 1120 3113 remotus
1135 3058 1189 3115 est

242 3166 264 3210 a
286 3149 369 3212 solis
387 3148 579 3225 ardoribus,
598 3148 824 3212 inconsultior
839 3148 990 3230 quidem,
1005 3149 1065 3211 sed
1087 3149 1187 3229 largo

243 3254 278 3311 et
308 3247 501 3312 luxurianti
532 3249 700 3330 superbus
733 3248 902 3329 sanguine
932 3248 1187 3329 promptissime

242 3356 386 3428 pugnat.
432 3348 508 3413 Vos
529 3349 612 3412 estis
637 3366 723 3430 gens
748 3367 827 3429 quae
850 3347 1186 3428 intemperatioribus

238 3447 362 3510 mundi
391 3448 579 3530 provinciis
607 3447 772 3526 oriunda3
805 3446 864 3527 qui
890 3447 967 3510 sitis
991 3452 1026 3509 et
1051 3446 1187 3529 prodigi

242 3548 422 3629 sanguinis
450 3548 493 3611 ad
520 3548 642 3611 mortis
669 3546 916 3628 vulnerumque
939 3552 1186 3627 contemptum,

240 3652 278 3709 et
291 3665 361 3710 non
377 3647 525 3710 careatis
538 3647 739 3729 prudentia:
767 3665 915 3727 namque
932 3653 967 3708 et
983 3645 1184 3709 modestiam

242 3747 389 3809 servatis
403 3747 440 3809 in
462 3747 597 3823 castris,
612 3753 647 3810 et
663 3746 699 3808 in
714 3746 934 3808 dimicatione
951 3745 1088 3808 utimini
1105 3764 1186 3808 con·

241 3843 328 3908 siliis
342 3864 350 3925 ;
377 3846 508 3928 itaque,
525 3847 671 3909 scientia
686 3851 722 3908 et
737 3844 937 3909 fortitudine
957 3843 1105 3926 praediti,
1123 3863 1186 3925 ag·

241 3945 422 4024 gredimini
438 3945 659 4009 memorabile
669 3945 747 4008 iter.
799 3944 899 4009 Totis
915 3944 1040 4007 seculis
1062 3944 1187 4025 praedi-

241 4043 353 4122 candi,
376 4045 406 4108 si
429 4035 554 4108 fratres
572 4050 706 4109 vestros
727 4043 880 4126 periculo
902 4045 1079 4120 exueritis,
1097 4063 1186 4124 prae-

240 4145 396 4207 sentibus
428 4163 473 4208 ex
507 4145 575 4208 Dei
605 4143 743 4207 nomine
774 4143 949 4225 praecipio,
986 4145 1187 4207 absentibus

240 4243 377 4308 mando.
430 4243 522 4308 Ituri
550 4253 585 4308 et
610 4243 906 4308 christianitatem
934 4245 1187 4326 propugnaturi
