3148 4982
238 505 398 588 cinna]
472 520 585 569 casca
609 519 736 568 nacon
759 519 974 568 nncconuu.
1125 507 1191 572 475

236 678 375 742 francus
391 677 666 742 Dorobernensis
680 677 959 761 archiepiscopus
976 697 1081 760 super
1097 678 1189 744 Ebo-

237 797 415 841 racensem
450 778 630 841 ecclesiam
655 777 736 860 jure
767 787 840 841 suae
869 778 1024 841 ecclesiae
1052 780 1189 860 procla·

237 879 377 956 mabat3
401 883 437 940 et
458 877 501 939 de
521 877 795 940 ordinationibus
817 878 1032 958 quorundam
1054 880 1188 960 episco-

237 996 373 1059 porum,
388 976 431 1038 de
445 977 574 1057 quibus·
585 976 630 1039 ad
644 995 747 1058 quem
763 975 960 1057 specialiter
975 977 1189 1058 pertinerent

237 1083 369 1139 certum
389 1075 528 1137 minime
554 1075 758 1138 constabat:
782 1081 818 1138 et
839 1075 979 1138 tandem
1003 1075 1189 1156 aliquando

237 1175 383 1238 diversis
409 1174 625 1238 diversarum
652 1173 901 1255 scripturarum
923 1175 1189 1239 auctoritatibus

238 1273 422 1355 probatum
446 1280 550 1354 atque
573 1280 749 1336 ostensum
770 1273 936 1354 estquod
960 1272 1188 1337 Eboracensis

161 1379 167 1390 '
238 1371 384 1435 ecclesia
409 1369 652 1435 cantuariensi
679 1372 804 1435 debeat
824 1371 1016 1453 subJacere,
1044 1371 1188 1454 ejusque

238 1471 499 1552 archiepiscopi,
522 1477 562 1534 nt
582 1471 739 1552 primatis
763 1471 872 1533 totius
888 1470 1095 1548 Britanniae,
1118 1471 1188 1534 dis-

237 1569 477 1651 positionibus,
499 1569 537 1631 in
561 1570 605 1633 iis
630 1589 708 1652 quae
730 1570 774 1632 ad
797 1569 1031 1633 Christianam
1049 1570 1188 1651 religio·

202 1707 211 1719 ι
238 1680 316 1732 nem
347 1669 533 1750 pertinent,
563 1669 600 1731 in
634 1669 792 1732 omnibus
826 1669 977 1734 obedire.
1043 1669 1187 1752 Subjec-

238 1769 367 1831 tionem
394 1756 480 1832 'vero
509 1768 766 1845 Dunelmensis‚
802 1766 868 1831 hoc
897 1775 963 1845 est,
993 1767 1187 1832 Lindisfar-

238 1868 354 1930 nensis
375 1867 541 1948 episcopi,
565 1874 670 1948 atque
691 1867 844 1930 omnium
866 1867 1045 1948 regionum
1073 1886 1096 1930 a
1118 1875 1187 1931 ter-

238 1967 340 2029 minis
359 1965 597 2030 Licifeldensis
614 1966 792 2047 episcopii,
806 1973 841 2029 et
860 1964 1043 2028 Humbriae
1068 1967 1186 2048 magni

238 2065 347 2142 fluvii,
369 2085 478 2146 usque
504 2066 548 2128 ad
570 2072 744 2128 extremos
768 2064 894 2127 Scotiae
917 2065 1015 2141 fines,
1038 2071 1074 2128 et
1091 2065 1188 2146 quio-

237 2164 321 2246 quid
337 2184 381 2227 ex
394 2165 460 2227 hac
474 2171 573 2247 parte
589 2163 746 2246 praedicti
759 2163 910 2225 fluminis
926 2163 970 2225 ad
988 2164 1188 2244 parochiam

202 2347 205 2352 ι
237 2262 465 2326 Eboracensis
502 2263 656 2327 ecclesiae
687 2262 768 2345 jure
796 2262 972 2342 competit,
1003 2260 1188 2325 Cantuari·

237 2362 330 2425 ensis
361 2362 647 2444 metropolitanus
681 2361 892 2424 Eboracensi
928 2361 1187 2444 archiepiscopo

237 2462 380 2544 ejusque
394 2461 650 2527 successoribus
665 2461 821 2524 obtinere
838 2461 1020 2523 concessit.
1073 2460 1132 2524 Ita
1148 2468 1189 2524 ut

237 2561 267 2624 si
282 2559 541 2624 Cantuariensis
565 2560 844 2641 archiepiscopus
867 2560 1049 2624 concilium
1064 2579 1188 2642 cogere

240 2661 397 2738 voluerit,
422 2661 617 2741 ubicunque
633 2659 745 2724 visum
769 2660 800 2723 ei
818 2657 934 2735 fuerit,
958 2659 1188 2722 Eboracensis

237 2759 514 2842 archiepiscopus
537 2761 591 2822 sui
613 2759 834 2841 praesentiam
847 2778 926 2821 cum
940 2758 1099 2821 omnibus
1121 2758 1188 2821 sibi

236 2858 401 2942 subjectis
424 2859 468 2921 ad
491 2864 614 2921 nutum
635 2858 711 2942 ejus
735 2858 908 2933 exhibeat,
926 2865 961 2920 et
984 2856 1059 2940 ejus
1082 2875 1187 2921 cano-

237 2958 324 3021 nicis
359 2957 642 3040 dispositionibus
679 2957 842 3021 obediens
874 2957 1016 3020 existat.
1083 2955 1187 3034 Quod

237 3064 353 3119 autem
382 3055 611 3120 Eboracensis
641 3055 918 3136 archiepiscopus
940 3047 1188 3137 professionem

240 3155 483 3219 Cantuariensi
520 3153 778 3233 archiepiscopo
809 3147 929 3216 ¹etiam
962 3173 1041 3215 cum
1073 3171 1187 3216 sacra-

236 3240 353 3318 mento
379 3254 492 3316 facere
515 3252 651 3326 debeat,
674 3249 890 3313 Lanfrancus
912 3250 1187 3313 Dorobemensis

235 3540 262 3585 et
282 3533 420 3596 disciplina
448 3533 577 3595 subjectis.
625 3533 700 3582 Post·
723 3547 773 3594 quo
785 3537 841 3581 tuta
852 3533 922 3582 lieret
932 3532 997 3580 inter
1007 3529 1133 3591 improbos
1150 3529 1189 3578 in·

237 3620 313 3666 quam
331 3604 398 3653 enim
419 3603 453 3652 ad
472 3603 574 3664 singula
590 3617 699 3664 quaeque
723 3602 848 3652 nocentia.
884 3601 918 3650 Et
940 3615 1004 3662 quos
1026 3601 1083 3661 ipsa
1104 3598 1189 3660 probi-

237 3689 317 3736 sagax
339 3673 468 3722 hominum
493 3673 634 3734 penetravit
662 3674 700 3720 in·
722 3672 783 3721 tatis
810 3671 966 3720 hortamenta
990 3683 1039 3720 non
1067 3669 1187 3730 excitant,

239 3745 327 3806 tentio,
348 3748 374 3792 et
395 3742 474 3792 nichil
496 3742 530 3790 ad
557 3743 700 3804 pecuniam,
723 3741 812 3790 saltem
840 3741 1019 3802 conquiescant
1048 3738 1082 3786 ad
1103 3752 1187 3798 poena

236 3813 320 3862 visum
341 3817 380 3861 est
401 3811 594 3874 incommodum,
621 3813 700 3861 crevit
723 3811 889 3861 lonnidinem.
927 3807 1189 3871 lex,alianaturalis‚

238 3881 699 3944 opulentia,crevitinvidia,exinvi·
724 3896 782 3942 quae
810 3881 880 3942 apud
907 3894 993 3928 omnes
1020 3877 1109 3926 eadem
1133 3880 1188 3935 θεῖς

238 3953 283 4000 dia
293 3953 390 4012 odium,
400 3965 432 4000 ex
443 3952 501 4000 odio
519 3952 623 4011 bellum,
634 3951 699 3999 nulli
724 3953 776 4012 alia
792 3950 992 4010 consuetudinis,
1003 3950 1029 3994 in
1041 3959 1093 4007 qua
1111 3944 1188 3994 habet

236 4022 380 4083 fides,nulli
390 4021 484 4082 profuit
494 4020 660 4081 eleemosyna.
672 4021 700 4069 si
723 4035 877 4081 unaquaque
896 4019 980 4081 patria
998 4030 1073 4066 snum
1089 4014 1188 4075 ahquid

238 4105 290 4152 qua
307 4096 391 4139 tamen
412 4090 505 4139 nativa
526 4091 645 4138 bonitatis
662 4105 700 4138 re-
724 4090 872 4151 proprium!

237 4165 380 4210 manserant
406 4160 566 4219 monimenta,
594 4171 699 4208 sanxere

237 4230 307 4292 legas
334 4233 360 4278 et
385 4229 488 4278 vivendi
512 4229 581 4290 jura,
609 4229 701 4277 consti·
749 4222 924 4276 ΙΙΕιὶιιιηιτιιηι
935 4221 1102 4284 annumerata]
1118 4223 1187 4276 Μ.

237 4304 339 4348 tuerunt
349 4301 425 4348 urbes
435 4303 461 4348 et
472 4298 522 4346 lida
539 4298 701 4360 receptacula
727 4300 757 4348 C.
770 4298 804 4346 D.
817 4298 842 4346 Ε
850 4301 874 4346 2.
886 4296 934 4356 h.;
951 4294 1055 4344 omitted
1066 4294 1092 4343 in
1105 4295 1158 4344 El.
