3148 4982
260 3266 316 3306 M).
327 3267 383 3306 1083.

422 489 489 552 450
652 500 766 550 susm
788 497 1153 549 ausuuaucnonuu.
1220 487 1307 568 [um.
1326 493 1378 551 ιιι.

422 661 515 724 linus
526 680 535 739 ;
545 657 654 743 'cujus
669 661 761 724 bona
777 677 895 741 opera,
909 657 1037 721 famam
1054 658 1242 737 vincentia,
1259 668 1377 725 vetus-

422 767 531 824 tatem
548 760 733 824 oblivionis
748 778 770 822 a
786 778 824 822 se
841 758 1011 841 repellent
1027 758 1193 839 quamdiu
1210 760 1259 823 ibi
1276 761 1375 825 sedes

423 859 630 942 episcopalis
661 859 821 923 durabit:
853 859 890 921 in
918 856 1048 920 Cantia
1072 856 1289 923 Lanfrancus
1316 859 1376 947 (de

423 979 493 1042 qno
518 977 626 1042 supra
654 956 760 1044 dixi),
794 958 854 1040 qui
890 957 972 1022 talis
1004 955 1144 1038 Angliae
1180 959 1248 1022 Dei
1286 960 1377 1025 dono

424 1052 592 1136 lemicuit,

495 1211 505 1241 ‘
521 1203 645 1285 Qualis
663 1204 852 1268 discutiens
867 1203 1038 1286 fugientia
1056 1203 1195 1268 Lucifer
1208 1210 1326 1284 astra,

427 1300 431 1310 ³
575 1303 664 1369 Cum
680 1324 780 1369 roseo
798 1305 929 1368 clarum
945 1304 1106 1386 provehit
1123 1325 1182 1368 ore
1199 1305 1290 1369 diem
1303 1307 1324 1387 ;'

422 1453 473 1516 ita
490 1453 599 1536 ipsius
617 1453 791 1517 industria
807 1452 1038 1517 monasticum
1056 1473 1197 1534 germen
1214 1452 1374 1532 effloruit,

421 1551 474 1619 ita
496 1572 538 1616 eo
553 1553 693 1617 vivente
709 1553 809 1634 vigor
828 1551 1039 1635 pontificalis
1064 1552 1232 1617 induruit.
1285 1553 1373 1636 Ejus

423 1652 568 1716 consilio
591 1672 655 1716 rex
680 1670 827 1735 pronum
844 1670 882 1715 se
899 1652 1041 1736 fecerat,
1070 1659 1110 1715 nt
1132 1652 1217 1716 nihil
1240 1671 1371 1734 negan-

423 1751 506 1815 dum
522 1751 663 1815 duceret
680 1750 773 1834 quod
794 1753 825 1814 is
842 1750 1038 1814 faciendum
1060 1751 1201 1816 diceret.
1254 1751 1372 1835 Ipsius

423 1851 529 1915 etiam
546 1851 698 1934 impulsu
720 1851 888 1914 ambitum
905 1851 1115 1915 nebulonum
1129 1850 1292 1932 fregerat,
1311 1853 1385 1934 qui.

423 1957 589 2014 consueto
609 1970 704 2014 more
722 1950 895 2032 mancipia
910 1969 976 2013 sna
992 1949 1201 2014 Hiberniam
1214 1950 1374 2015 vendita-

422 2051 529 2113 bant:
546 2049 649 2132 cujus
666 2049 750 2114 facti
763 2049 973 2132 praeconium
990 2049 1047 2112 cui
1062 2049 1179 2132 potius
1193 2051 1372 2133 imputem,

424 2148 621 2214 Lanfranco
643 2169 689 2213 an
705 2147 1099 2230 WulstanoWigorniae
1123 2150 1284 2227 antistiti,
1308 2170 1372 2231 pro

422 2268 506 2313 vero
523 2268 593 2312 non
611 2249 779 2325 discerno,
796 2249 857 2331 qui
878 2267 1007 2330 regem,
1033 2267 1096 2330 pro
1119 2249 1298 2313 commodo
1314 2269 1373 2314 ve·

422 2347 578 2412 nalitatis
596 2348 688 2430 quod
711 2348 778 2411 sibi
804 2347 1056 2430 pensitabatur,
1080 2349 1285 2413 renitentem
1311 2349 1372 2413 vix

423 2447 467 2510 ad
495 2445 560 2510 hoc
589 2448 778 2528 coegerint,
803 2448 870 2511 nisi
895 2447 988 2528 quod
1015 2445 1231 2512 Lanfrancus
1253 2448 1374 2512 landa-

423 2546 513 2609 verit
537 2544 744 2611 Wnlstanns
768 2547 984 2629 praeceperit,
1007 2548 1214 2612 auctoritate
1240 2548 1372 2629 episco-

422 2645 495 2734 pali
523 2665 587 2728 pro
616 2647 842 2710 conscientia
855 2646 1051 2710 sanctitatis
1082 2646 1219 2710 abunde
1246 2647 1374 2710 exube-

422 2763 526 2823 rans3
549 2745 652 2809 homo
680 2764 750 2826 quo
772 2746 888 2809 nullus
915 2764 1068 2828 unquam
1088 2746 1230 2829 justior,
1255 2747 1372 2810 nullus
1438 2741 1440 2744 ’

423 2851 542 2908 nostro
559 2844 678 2908 seculo
693 2862 759 2926 par
774 2845 824 2908 illi
839 2845 1038 2929 apparuerit
1051 2845 1295 2910 miraculorum
1311 2867 1374 2929 po·

422 2944 534 3007 tentia
559 2951 596 3006 et
618 2944 813 3026 prophetali
840 2945 966 3026 gratim
996 2963 1142 3026 quorum
1176 2946 1293 3028 aliqua
1320 2947 1373 3009 in-

422 3042 526 3108 tendo
541 3043 654 3106 dicere
669 3044 841 3125 posterius
858 3046 890 3108 si
904 3051 1021 3108 tamen
1035 3043 1262 3109 sanctissimis
1279 3045 1373 3108 iilius

421 3142 592 3225 placuerit
606 3143 775 3206 sensibus.

473 3242 490 3325 §
506 3242 584 3307 270.
607 3241 859 3317 Veruntamen,
876 3240 959 3324 quia
975 3241 1053 3304 alea
1068 3241 1217 3306 fortunae
1231 3243 1372 3307 incertis

417 3340 572 3424 jactibus
597 3342 762 3418 volvitur,
784 3342 896 3405 multa
924 3348 1008 3405 tunc
1029 3334 1202 3423 ²tempore
1225 3342 1373 3407 adversa

421 3458 619 3521 pervenere.
671 3435 801 3505 ³Foeda
822 3441 914 3505 inter
936 3441 1097 3505 abbatem
1119 3440 1315 3506 Glastoniae
1338 3449 1374 3507 et

420 3540 609 3604 monachos
631 3540 707 3624 ejus
734 3539 919 3615 discordia,
945 3539 996 3604 ita
1023 3546 1064 3604 ut
1090 3547 1172 3622 post
1187 3541 1372 3605 verborum

420 3638 500 3702 lites
517 3641 562 3704 ad
579 3659 677 3705 arma
692 3647 846 3705 ventum.
857 3639 915 3703 sit.
968 3638 1191 3721 Coactirergo
1206 3641 1299 3704 intra
1313 3660 1370 3704 ec-

425 3911 427 3916 ·
456 3879 611 3952 ¹Emr‘cait.]
634 3881 668 3935 A.
685 3884 714 3935 S.
733 3885 768 3935 D.
786 3886 819 3933 E.
836 3883 884 3945 L.;
910 3881 937 3930 in
958 3881 1001 3931 the
1018 3896 1080 3944 year
1098 3883 1171 3931 1⁰83.
1207 3880 1233 3928 It
1249 3885 1373 3954 seemsto

419 3955 550 4016 apparuit,
563 3955 593 4004 C.
909 3952 973 4070 lippe
1003 3951 1189 4070 tnarnisentoehorp
1224 3950 1274 4068 ὼε)
1295 3952 1372 4069 Ἧι

959 4035 1002 4070 urs
1076 4037 1092 4070 a
1127 4035 1152 4068 m
1181 4035 1207 4068 ιιι
1295 4036 1322 4069 m
1363 4048 1373 4060 -

455 4052 613 4174 mwge']
636 4054 670 4106 Δ·
685 4057 715 4106 c·
731 4056 766 4106 D·
784 4056 817 4105 E·
835 4055 883 4118 ¹¹⁹3
906 4021 972 4139 duce
989 4106 1006 4138 a
1023 4019 1079 4140 ne)w
1091 4036 1176 4152 emit),
1187 4034 1296 4152 bi‘ought
1306 4090 1370 4139 from

419 4129 548 4187 tempffis'
582 4161 589 4176 ⁶
907 4161 1039 4224 Fescemp,
1057 4159 1157 4209 instead
1177 4159 1206 4207 of
1218 4158 1261 4208 the
1273 4159 1371 4223 Grego-

442 4223 465 4276 ,⁸
484 4225 560 4274 Foeda
581 4259 627 4276 ...
646 4222 789 4294 discordia]
819 4227 881 4276 'l'his
905 4231 970 4293 man,
992 4233 1018 4278 to
1039 4229 1124 4278 which
1141 4228 1184 4278 the
1206 4229 1296 4280 monks
1317 4229 1369 4279 had

417 4293 573 4357 disgraceful
590 4298 732 4346 contentiori
747 4297 883 4359 happened
905 4301 968 4350 been
979 4298 1149 4350 accustomed.
1194 4323 1197 4328 -
