3152 4970
244 500 384 582 maa]
475 517 589 565 casua
612 517 740 566 aucun
765 515 980 566 Anouoruu.
1069 493 1071 496 ’
1132 501 1198 564 649

245 675 316 736 no'n
337 672 506 736 elationis
520 671 677 749 ambitu,-
690 671 751 736 sed
770 668 970 754 'procerum
986 667 1029 736 et'
1045 659 1201 736 maxime

244 772 381 836 comitis
398 772 441 835 de
457 771 627 835 Mellento
641 770 820 849 instinctu,
832 773 905 854 qni,
918 773 956 835 in
971 772 1036 837 hoc
1053 772 1194 853 negotio

244 872 366 952 magis.
384 872 531 952 antiqua
555 871 804 935 consuetudine
831 869 936 952 quam
963 871 1049 935 recti
1074 868 1194 935 tenore

244 971 414 1034 rationem
446 972 683 1047 reverberans,
713 970 888 1051 allegabat
913 971 1062 1036 multum
1087 971 1193 1052 regiae

245 1069 423 1153 majestati
440 1069 596 1146 diminui,
614 1069 656 1146 si,
673 1069 837 1133 omittens
851 1088 981 1134 morem
997 1077 1194 1134 antecesso-¹

245 1171 335 1244 rum,
351 1187 421 1232 non
443 1168 626 1232 investiret
650 1168 797 1231 electum
813 1188 875 1251 per
891 1169 1051 1233 baculum
1074 1175 1109 1232 et
1131 1188 1194 1232 an-x

245 1267 377 1334 nulum.
429 1265 668 1331 Veruntamen
699 1286 775 1344 rex,
799 1264 1000 1350 diligentius
1034 1267 1193 1350 inspecto

245 1365 329 1448 quid
357 1365 476 1431 vivida
500 1366 725 1447 epistolarum
755 1367 858 1444 ratio,
887 1366 970 1448 quid
997 1366 1192 1430 divinorum
1306 1401 1309 1411 ·

246 1484 424 1528 munerum
443 1463 479 1527 in
500 1483 538 1527 se
553 1465 700 1528 ubertim
714 1461 891 1528 confluens
909 1465 1108 1529 admoneret
1124 1465 1193 1528 lar-

245 1563 345 1644 gitio,
368 1563 610 1626 investituram
636 1563 757 1627 annuli
783 1570 818 1627 et
839 1563 955 1626 baculi
980 1563 1125 1628 indulsit
1156 1565 1193 1627 in

243 1668 470 1745 perpetuum;
497 1661 632 1726 retento
650 1655 804 1725 ¹tantum
830 1662 1009 1726 electionis
1037 1664 1078 1726 et'
1094 1650 1194 1744 rega-
1302 1703 1349 1725 ,

244 1761 329 1824 lium
354 1760 550 1850 privilegio.
603 1759 738 1825 Coact'o¹
763 1781 846 1842 ergo
865 1762 958 1844 apud
976 1760 1193 1826 Londoniam
1314 1769 1316 1778 ’

246 1880 373 1942 magno
408 1860 649 1943 episcoporum
682 1867 717 1924 et
749 1879 930 1942 procerum
963 1855 1194 1942 abbatumque

246 1960 404 2036 concilio,
436 1960 547 2022 multa
576 1957 888 2024 ecclesiasticarum
922 1966 957 2023 ct
987 1959 1193 2024 secularium

246 2077 361 2121 rerum
393 2058 555 2122 ordinata
583 2059 737 2140 negotia,
772 2058 887 2122 decisa
921 2057 1047 2139 litigia.
1116 2058 1193 2123 Nec

246 2159 356 2222 multo
382 2164 474 2240 post,
494 2177 564 2221 uno
586 2157 642 2220 die
665 2157 818 2239 quinque
843 2164 925 2220 sunt
948 2156 1099 2221 ordinati
1120 2159 1193 2240 epi·

246 2257 343 2338 scopi
359 2258 395 2321 in
412 2255 600 2321 Cautia'ab
617 2256 783 2321 Anselmo
801 2255 1078 2338 archiepiscopo:
1103 2256 1193 2321 Wil-

246 2356 370 2419 lelmus
394 2355 439 2419 ad
456 2355 685 2432 Wintoniam,
703 2355 877 2436 Rogerius
901 2354 946 2418 ad
960 2354 1194 2434 Salesbiriam‚

246 2452 444 2520 Willelmus
470 2454 515 2518 ad
538 2455 722 2531 Exoniam,
746 2451 941 2518 Rainaldus
964 2453 1008 2516 ad
1027 2454 1194 2518 Herefor-

248 2554 342 2631 dum,
364 2553 529 2618 Urbanus
554 2554 599 2617 ad
624 2553 851 2634 Glamorgan.
905 2552 1031 2635 Itaque
1057 2561 1195 2618 contro-

248 2654 363 2718 versia
387 2653 626 2736 frequentibus
651 2651 923 2717 dissensionibus
945 2649 1092 2732 agitata,
1119 2653 1195 2734 plu-

246 2754 334 2817 rimo
352 2750 509 2816 Anselmi
526 2751 570 2816 ad
588 2753 737 2816 Romam
759 2753 812 2816 itu
832 2759 868 2816 et
883 2752 997 2820 reditu
1014 2752 1194 2831 ventilata,

246 2852 454 2915 laudabilem
468 2852 568 2916 finem
586 2853 728 2934 accepit.

298 2951 403 3035 5418.
421 2950 522 3014 Uxor
538 2945 648 3032 ²regis
664 2948 869 3033 ex'antiqua
884 2959 919 3015 et
929 2951 1063 3017 'illustri
1073 2955 1193 3033 regum
1206 2973 1334 3013 assumor

181 3134 183 3138 ,
248 3051 356 3134 stirpe
380 3050 570 3115 descendit¹
587 3042 758 3125 matildis
782 3048 855 3112 filia
877 3051 971 3130 regis
997 3051 1194 3115 Scottorum
1206 3023 1337 3114 lilim*

247 3148 305 3235 (ut
320 3145 532 3232 praedixi),'a
549 3148 677 3211 teneris
693 3148 794 3209 annis
813 3147 903 3210 inter
915 3149 1195 3212 sanctimoniales

249 3247 342 3329 apud
366 3246 573 3312 Wiltcniam
597 3253 633 3309 et
659 3245 864 3308 Rumesium
895 3245 1054 3323 educata,
1085 3247 1196 3310 literis

247 3366 387 3428 quoque
418 3345 619 3408 foemineum
648 3338 771 3427 pectus
804 3342 975 3408 exercuit.
1024 3335 1127 3409 Unde
1156 3353 1196 3410 ut

203 3467 213 3473 -
248 3445 419 3526 ignobiles
447 3445 587 3525 nuptias
621 3448 812 3526 respueret,
837 3443 1023 3525 plusquam
1047 3445 1153 3508 semel
1175 3464 1197 3509 a

248 3544 349 3626 patre
374 3542 524 3620 oblatae,
550 3542 691 3624 peplum
707 3536 872 3605 ³sacratae
895 3542 1119 3623 professionis
1144 3545 1196 3606 in-

248 3643 317 3707 dex
345 3643 518 3725 gestavit:
558 3648 782 3724 quapropter,
810 3661 888 3704 cum
914 3660 978 3704 rex
1004 3634 1198 3725 *suscipere

249 3742 354 3807 vellet
369 3761 445 3806 eam
459 3741 626 3818 thalamo,
637 3735 710 3804 ⁵res
726 3741 763 3803 in
777 3730 1063 3822 disceptationem
1079 3742 1197 3822 venit3

282 3942 291 3975 ¹
305 3943 429 4007 Tantum]
446 3941 480 3991 A.
501 3944 531 3992 C.
544 3943 579 3991 D.
591 3943 623 3991 E.
636 3943 711 4003 La.;
773 3937 783 3969 ⁴
801 3941 929 4005 Suscipere
946 3936 1039 4010 νευρὴ]
1062 3941 1096 3992 1.
1112 3943 1147 3993 D.
1166 3945 1198 3993 B.

248 4020 341 4076 tamem
353 4014 382 4062 S.
737 4011 808 4072 1223
824 4013 974 4074 susciperet,
985 4011 1014 4063 S.
1027 4013 1057 4061 0.

283 4081 405 4145 ²Regt'a.]
421 4079 455 4130 A.
468 4081 497 4130 S.
512 4082 542 4129 C.
555 4081 628 4143 Ea.;
645 4082 711 4144 ejus,

247 4155 301 4214 D.;
317 4152 449 4215 regi,El.
463 4151 519 4199 Η.
771 4147 844 4200 ³*Res
864 4149 1200 4217 indisceptatioaemoeaitd

283 4215 438 4288 ³Suerctoe.]
456 4220 489 4270 A.
504 4220 533 4268 C.
547 4219 581 4268 D.
597 4220 627 4269 E.
640 4219 710 4280 1223
737 4220 784 4268 See
805 4221 924 4282 Eadmer,
940 4219 1010 4269 Hist.
1023 4219 1090 4269 Nor.
1102 4234 1146 4282 pp.
1158 4223 1201 4282 ⁶6,

247 4296 352 4355 sanctae,
363 4293 392 4342 S.
737 4292 778 4338 57.
