3080 4960
208 496 277 543 mn.
296 479 369 560 111.]
495 494 669 542 uisroam
692 495 869 544 uovnma.
1092 483 1156 558 751

208 743 383 802 QUOMODO
406 743 522 790 OOMES
545 740 856 790 GLOEOESTRENSIS
879 743 1051 791 LEGATUM
1070 743 1158 792 OON·
1249 752 1252 757 '
1309 755 1311 762 ·

258 842 419 889 VENERIT
436 843 512 890 OUM
529 842 780 890 IMPERATRIOE
797 841 842 888 ET
857 843 1156 892 OOADJUTORIBUS

257 941 350 989 suls,

259 1047 346 1130 §bb
378 1045 436 1113 Ad
461 1047 525 1113 hos
548 1055 675 1125 motuS,
692 1047 722 1111 si
746 1055 877 1130 posset,
899 1049 1155 1130 componendos
1167 1069 1221 1158 ganan
1222 1069 1299 1160 ἓξὲξ

207 1165 323 1210 comes
350 1145 624 1212 Gloecestrensis
651 1166 721 1212 non
745 1147 831 1211 adeo
856 1147 964 1212 denso
990 1149 1156 1216 comitatu
1167 1173 1269 1218 attempt·
1277 1173 1301 1213 to

209 1244 423 1310 Wintoniam
449 1247 646 1326 contendit;
669 1246 730 1310 sed
752 1266 790 1309 re
810 1246 998 1311 infectaad
1018 1219 1314 1320 oxenalbbfiia..

207 1343 284 1409 ford
302 1346 416 1423 rediit,
429 1346 490 1410 ubi
504 1366 603 1410 soror
615 1346 747 1410 stativa
759 1346 938 1410 mansione
949 1346 1155 1429 jamdudum

208 1463 246 1508 se
268 1446 498 1510 continuerat.
551 1445 635 1527 Ipsa
648 1445 779 1526 itaque,
794 1451 830 1508 et
843 1465 888 1508 ex
905 1445 959 1507 his
978 1465 1056 1527 quae
1072 1465 1156 1509 con-

208 1543 304 1606 tinue
331 1543 494 1608 audiebat
518 1551 553 1607 et
580 1563 602 1608 a
626 1542 733 1606 fratre
759 1550 843 1606 tunc
865 1544 1042 1624 cognovit,
1069 1544 1156 1607 nihil

203 1641 360 1722 legatum
390 1643 494 1706 molle
520 1641 564 1705 ad
595 1661 677 1706 suas
708 1648 825 1724 partes
848 1642 1002 1724 cogitare
1028 1643 1156 1712 intelli·

208 1759 307 1822 gens,
334 1741 551 1806 Wintoniam
577 1761 654 1804 cum
682 1748 813 1822 quanto
842 1743 957 1822 potuit
984 1750 1156 1824 apparatu

208 1841 315 1905 venit.
368 1840 447 1904 Illic
462 1841 556 1904 intra
570 1840 749 1904 castellum
765 1841 899 1922 regium
917 1841 991 1904 sine
1013 1848 1157 1905 cuncta·

210 1939 305 2003 tione
324 1947 475 2022 recepta,
497 1941 590 2004 bona
610 1939 757 2004 forsitan
781 1946 897 2004 mente
923 1959 986 2021 per
1010 1940 1156 2007 nuncios

213 2039 411 2121 episcopum
434 2039 607 2116 convenit,
623 2045 675 2116 ut,
690 2039 772 2130 quia
792 2039 870 2121 ipsa
893 2057 1047 2122 praesens
1069 2046 1156 2118 crat,

210 2158 280 2201 non
303 2139 528 2220 pigritaretur
553 2138 597 2201 ad
620 2157 696 2202 eam
712 2139 850 2202 venire:
873 2138 944 2215 ille,
966 2157 1036 2202 non
1065 2138 1155 2202 inte·

209 2255 307 2318 grum
325 2238 391 2301 sibi
413 2237 486 2301 fore
503 2238 690 2302 arbitratus
713 2237 744 2300 si
756 2237 901 2313 veniret,
916 2237 1079 2319 ambiguo
1101 2257 1156 2300 re-

207 2353 335 2418 sponso
363 2338 507 2400 nuncios
538 2337 653 2414 elusit,
677 2335 744 2400 hoc
766 2329 900 2402 ¹tamen
921 2337 1040 2412 verbo,
1058 2336 1155 2418 ‘Ego

208 2437 339 2516 parabo
355 2455 410 2498 me
421 2437 442 2516 3'
458 2436 645 2518 statimque
667 2441 808 2518 propter
823 2453 941 2498 omnes
958 2435 1054 2499 misit
1068 2455 1155 2517 quos

208 2535 282 2615 regi
296 2527 471 2600 ²sauturos
497 2535 639 2598 sciebat.
691 2533 874 2598 Venerunt
888 2553 972 2616 ergo
989 2534 1060 2604 fere
1081 2554 1156 2600 om·
1191 2591 1194 2600 ,

208 2653 270 2696 nes
285 2635 427 2699 comites
441 2632 580 2715 Angliae
594 2655 603 2713 ;
619 2640 719 2698 erant
734 2634 825 2697 enim
833 2633 981 2717 juvenes
998 2640 1033 2696 et
1047 2633 1155 2712 levae,

208 2739 243 2795 et
257 2733 316 2814 qui
332 2734 476 2797 mallent
496 2733 748 2814 equitationum
770 2732 947 2797 discursus
963 2751 1067 2815 quam
1092 2752 1155 2814 pa,-

205 2850 294 2896 cem.
346 2831 523 2897 Praeterea
541 2833 658 2915 plures
679 2833 829 2909 illorum,
844 2831 978 2896 confusi
995 2833 1078 2914 quia
1099 2851 1154 2896 re-

207 2949 287 3011 gem
309 2932 509 3009 bellantem,
523 2939 564 2995 ut
585 2933 743 3013 superius
763 2931 893 2994 dictum
915 2937 980 3007 est,
995 2931 1155 2994 deserue-

208 3035 300 3106 rant,
315 3036 490 3095 conventu
510 3030 570 3092 illo
592 3031 685 3110 sugec
704 3048 778 3092 snae
803 3029 1026 3110 opprobrium
1047 3028 1154 3093 lenire

207 3128 434 3192 conabantur.
486 3126 596 3190 Pauci
609 3147 692 3191 vero
705 3147 784 3190 cum
798 3127 1017 3208 imperatrice
1032 3120 1154 3196 ³venor

208 3231 306 3290 rant:
330 3245 393 3290 rex
417 3226 544 3290 Scotiae
568 3225 697 3304 David,
721 3225 897 3289 Robertus
919 3243 1033 3288 comes
1050 3223 1156 3290 Oloe-

207 3331 342 3402 cestrae,
353 3325 441 3389 Milo
450 3324 493 3388 de
502 3324 688 3402 Hereford‚
704 3331 740 3388 et
747 3325 894 3388 barones
907 3325 1029 3406 pauci;
1045 3324 1155 3390 Reiu-
1222 3374 1224 3378 ⁴

208 3423 324 3490 nulfus
351 3417 460 3488 ⁴enim
482 3443 597 3488 comes
623 3422 768 3488 cestriae
797 3424 896 3488 tarde
920 3430 956 3487 et
986 3423 1155 3487 inutiliter

207 3522 360 3587 advenit.
412 3523 463 3588 Ut
489 3543 572 3605 ergo
591 3542 753 3605 magnam
778 3523 901 3586 seriem
923 3540 1038 3588 rerum
1059 3523 1156 3588 brevi
1215 3525 1217 3532 '
1301 3523 1311 3534 ''

207 3623 388 3688 verborum
407 3623 610 3705 compendio
633 3623 821 3705 explicem:
839 3641 868 3687 a
889 3622 1022 3703 regina,
1040 3627 1076 3685 et
1095 3641 1156 3687 co-

207 3721 348 3788 mitibus
366 3722 426 3804 qui
440 3728 619 3798 venerant,
634 3722 786 3804 undique
806 3721 900 3789 foras
924 3739 1041 3786 muros
1056 3721 1155 3786 Win-

206 3821 311 3884 toniae
337 3823 530 3885 observata
555 3827 638 3884 sunt
653 3821 734 3898 viae,
759 3840 803 3885 ne
817 3819 986 3884 victualia
1007 3821 1155 3902 impera·

241 4043 249 4075 ¹
264 4046 374 4109 Tum]
397 4048 453 4106 11.;ι
463 4051 571 4110 tantum,
587 4048 617 4098 S.
634 4048 669 4097 D.
729 4043 898 4116 ³Veaeruat.]
922 4049 956 4098 E.
974 4048 1029 4097 La.
1038 4062 1046 4108 ;
1068 4063 1158 4098 conve·

206 4111 262 4164 La.
694 4122 791 4176 nerant,
802 4118 831 4167 S.
843 4117 877 4167 D.

203 4183 669 4304 1121111111νοεᾶΕ.;1ειιιὶοτεε,ι1.11.
695 4257 717 4305 L
724 4185 741 4305 2⁴
755 4187 849 4250 Enim]
867 4187 895 4237 S.
908 4187 943 4236 D.
951 4202 958 4247 ;
971 4187 1074 4236 omitted
1086 4185 1158 4268 inE.'
