3152 4970
236 499 375 580 urna]
460 515 573 564 oasrn
597 515 961 566 aucun-nncnonun.
1124 503 1190 566 647

236 680 415 803 peperunt,
435 691 457 734 a
482 671 657 737 consortio
679 677 798 736 nostro
824 678 859 735 et
883 671 1037 735 ecclesiae
1056 669 1187 735 alienos
1198 694 1349 785 pomnen

255 771 446 836 habemus?
1087 773 1090 776 '
1321 772 1326 784 '

288 870 406 954 §clu
439 869 645 934 ‘Paschalis
682 870 859 935 Anselmo.
911 870 1016 948 Quod
1045 866 1184 950 Angiici

237 971 329 1052 regis
356 989 417 1033 cor
442 970 486 1034 ad
513 971 715 1051 apostolicae
743 969 835 1033 sedis
856 969 1088 1033 obedientiam
1110 989 1184 1032 om-

236 1068 425 1150 nipotentis
440 1067 508 1132 Dei
525 1068 681 1150 dignatio
704 1069 898 1145 inclinavit,
913 1068 1024 1132 eidem
1041 1069 1184 1132 misera-

237 1168 373 1232 tionum
395 1168 547 1232 Domino
571 1169 704 1248 gratias
727 1169 875 1250 agimnS,
897 1169 933 1230 in
956 1167 1056 1250 cujus
1078 1187 1184 1231 manu

236 1267 343 1331 corda
359 1285 482 1348 regum
498 1274 692 1332 versantur.
739 1267 819 1332 Hoc
838 1267 999 1330 nimirum
1014 1273 1085 1330 tuae
1100 1266 1183 1330 cha-

238 1365 352 1430 ritatis
381 1367 508 1448 gratia,
542 1373 748 1449 tuarumque
777 1367 972 1431 orationum
1003 1366 1182 1440 instantia,

237 1463 368 1528 iactum
385 1464 568 1540 credimus,
584 1465 673 1528 utin
688 1465 753 1528 hac
770 1471 869 1547 parte
889 1465 1055 1546 populum
1072 1464 1181 1536 illum,

237 1563 293 1626 cui
318 1570 381 1627 tua
404 1563 603 1628 sollicitudo
630 1563 805 1646 praesidet,
831 1563 1007 1627 miseratio
1033 1582 1182 1644 superna

237 1663 434 1744 respiceret.
488 1661 592 1740 Quod
614 1669 731 1726 autem
753 1669 788 1726 et
803 1663 890 1743 regi,
913 1669 949 1726 et
964 1662 1018 1725 his
1038 1663 1098 1744 qui
1121 1663 1181 1726 ob-

214 1755 333 1825 noxii
348 1760 520 1837 videntur,
544 1760 632 1824 adeo
658 1761 975 1838 condescendimus,
991 1780 1033 1825 eo
1057 1762 1183 1825 affectu

236 1867 272 1924 et
294 1859 532 1941 compassione
555 1861 685 1924 iactum
716 1861 866 1937 noveris,
896 1867 936 1924 ut
960 1879 1019 1925 eos
1045 1861 1105 1942 qni
1124 1860 1182 1944 ja.-

236 1960 362 2022 cebant
388 1959 521 2041 erigere
545 1959 742 2023 valeamus:
767 1967 802 2023 te
830 1966 945 2023 autem
965 1959 1019 2046 (in
1043 1959 1182 2023 Christo

237 2059 444 2122 venerabilis
471 2065 507 2122 ct
535 2057 736 2122 charissime
761 2055 887 2144 frater)
910 2059 954 2121 ab
978 2057 1040 2121 illa
1064 2057 1181 2140 prohi-

237 2157 367 2220 bitione
399 2158 473 2222 sive
510 2156 568 2242 (ut
603 2164 641 2220 tu
673 2154 802 2240 credis)
829 2157 1182 2221 excommunicatione

238 2257 462 2334 absolvimus,
479 2275 584 2338 quam
607 2257 650 2320 ab
671 2263 888 2320 antecessore
910 2263 1029 2321 nostro
1051 2263 1183 2319 sanctae

238 2355 412 2420 memoriae
444 2354 588 2419 Urbano
624 2355 718 2438 papa
753 2355 920 2419 adversus
956 2354 1182 2419 investituras

237 2447 296 2517 ²ac
320 2453 474 2517 hominia
496 2454 622 2518 factam
647 2453 821 2536 intelligis.
865 2453 921 2517 Tu
937 2473 1020 2518 vero
1043 2473 1102 2518 eos
1125 2455 1184 2536 qui

238 2562 301 2617 aut
321 2553 546 2618 investituras
574 2572 750 2636 accepere,
774 2559 836 2617 aut
867 2553 1049 2617 investitos
1079 2555 1183 2617 bene-

239 2652 370 2730 dixere,
400 2659 462 2716 ant
497 2652 651 2716 hominia
688 2653 811 2730 secere,
842 2671 920 2715 cnm
952 2670 994 2715 ea
1026 2652 1184 2716 satisfac-

238 2751 333 2815 tione
354 2769 458 2832 qnam
490 2751 554 2815 tibi
578 2771 641 2834 per
668 2771 867 2817 communes
888 2752 1024 2832 legatos
1047 2751 1184 2816 Willel·

239 2868 331 2913 mum
355 2869 397 2913 ac
420 2849 671 2928 Baldewinum,
688 2851 781 2916 viros
807 2851 925 2914 fideles
951 2857 986 2914 et
1002 2850 1184 2926 veridicos,

238 2949 485 3031 significamus
520 2950 671 3015 Domino
702 2957 909 3032 cooperante
936 2950 1116 3031 suscipito,
1149 2957 1185 3012 et
1227 3032 1230 3038 1

238 3067 297 3112 eos
312 3049 388 3114 vioe
409 3055 539 3112 nostrae
567 3049 786 3113 auctoritatis
809 3048 1000 3127 absolvit03
1024 3067 1111 3129 quos
1128 3047 1185 3112 vel

238 3146 313 3229 ipse
338 3146 534 3222 benedicas
560 3147 617 3211 vel
647 3165 669 3209 a
700 3147 826 3229 quibus
851 3147 1000 3211 volueris
1029 3146 1185 3209 benedici

239 3239 452 3327 ³praecipias,
476 3243 542 3307 nisi
559 3245 596 3306 in
618 3243 662 3307 iis
682 3244 782 3314 aliud
798 3244 887 3308 sorte
908 3243 1059 3326 reperias
1081 3263 1185 3326 prop·

238 3350 292 3407 ter
316 3343 408 3426 quod
442 3363 463 3406 a
492 3343 638 3407 sacratis
667 3343 855 3407 bonoribus
884 3344 955 3407 sint
987 3341 1183 3424 repellendi.

239 3441 277 3506 Si
303 3443 468 3524 quivero
491 3442 652 3525 deinceps
676 3449 804 3526 praeter
826 3443 1049 3507 investituras
1077 3440 1187 3505 eccle·

238 3541 368 3604 siarum
398 3541 621 3624 praelationes
654 3541 916 3624 assumpserint,
946 3539 1082 3605 etiamsi
1113 3541 1186 3623 regi

162 3677 164 3679 -
239 3639 392 3704 hominia
415 3637 574 3718 fecerint,
587 3659 808 3724 nequaquam
827 3642 871 3705 ob
891 3641 956 3705 hoc
980 3660 1002 3705 a
1027 3640 1186 3704 benedic-

238 3739 344 3804 tionis
358 3758 500 3804 munere
517 3747 713 3817 arceantur,
722 3739 832 3804 donec
841 3733 1106 3822 4omnipotentis
1120 3737 1187 3802 Dei

274 4001 283 4032 ¹
296 4003 443 4067 chemna]
461 4003 509 4053 See
524 4004 576 4053 this
591 4005 666 4054 letter
675 4005 701 4053 in
761 4003 940 4068 wracene]
952 4003 984 4054 A.
995 4006 1025 4054 G.
1035 4005 1069 4052 D.
1080 4003 1111 4052 E.
1122 4004 1188 4062 1123

240 4073 359 4137 Eadmer,
369 4089 396 4135 p.
409 4077 450 4136 ⁷1,
462 4077 487 4123 et
498 4087 553 4134 seq.
726 4075 863 4136 percipias,
875 4074 903 4123 S.

763 4141 960 4206 ‘omnipotentie
973 4142 1021 4190 Dei
1030 4136 1140 4210 gratia]
1161 4143 1191 4188 C.

274 4209 354 4276 ²Ac.]
377 4211 410 4263 A.
422 4214 452 4262 C.
465 4213 499 4262 D.
515 4213 545 4261 Ε.
558 4212 630 4272 La;
649 4217 702 4274 aut,
727 4213 762 4261 D.
771 4214 819 4271 E.;
831 4212 1060 4278 peromnipotentis
1072 4212 1122 4260 Dei
1134 4225 1192 4274 gra-

239 4280 268 4330 S.
727 4283 797 4344 tiam,
808 4280 842 4330 Δ.
855 4281 883 4332 S.
896 4282 951 4330 La.

998 4370 1070 4414 2112
