3080 4960
379 483 445 548 764
668 502 842 552 urstonm
866 502 1043 550 uovnnnn.
1173 489 1261 570 [mn.
1278 503 1330 551 111.

383 664 505 721 coacto
527 656 684 734 concilio,
701 657 912 739 imperatrici
929 665 964 721 et
980 656 1194 740 principibus
1212 659 1332 724 audita

383 763 582 838 reportant:
601 755 789 821 ‘Comitem
797 755 1086 838 Andegavensem
1098 757 1332 839 legationibus

385 873 566 938 procerum
577 856 745 920 nonnulla
758 875 802 920 ex
813 863 912 938 parte
923 855 1061 936 favere;
1084 863 1259 935 caeterum,
1275 878 1332 922 so-

385 954 457 1016 lum
466 974 511 1018 ex
522 955 679 1018 omnibus
690 955 849 1022 comitem
859 949 1332 1038 Gloecestrensem¹cognos

386 1072 475 1130 cere,
491 1054 633 1136 ejusque
657 1054 874 1136 prudentiam
901 1073 942 1118 ac
968 1054 1082 1130 fidem,
1103 1057 1332 1137 magnanimi·

386 1159 493 1216 tatem
519 1159 554 1216 et
576 1152 793 1231 industriam,
816 1155 997 1236 probatam
1019 1153 1095 1235 jam
1121 1154 1203 1218 olim
1223 1155 1332 1220 babu-

386 1251 467 1315 isse.
519 1251 557 1314 Is
571 1253 602 1314 si
615 1252 659 1315 ad
682 1271 720 1316 se
739 1253 887 1317 transito
909 1252 997 1315 mari
1021 1252 1196 1332 adveniat,
1210 1255 1332 1319 volun·

386 1351 452 1415 tati
475 1349 551 1433 ejus
576 1369 614 1414 se
635 1370 698 1433 pro
721 1370 823 1434 posse
843 1371 912 1416 non
936 1351 1155 1434 defirturum;
1179 1353 1333 1435 alioquin

387 1457 532 1514 caeteros
556 1451 592 1512 in
623 1451 735 1516 eundo
757 1457 792 1514 et
817 1451 990 1515 redeundo
1021 1451 1151 1516 frustra
1178 1452 1332 1518 laborem

387 1549 676 1631 consumpturos.’

441 1727 615 1786 QUOMODO
638 1727 754 1776 OOMES
777 1729 1017 1778 GLOEGESTRAE
1039 1732 1089 1779 AD
1113 1731 1276 1780 OOMITEM

645 1828 936 1877 ANDEGAVENSEM
960 1829 1072 1878 IERIT.

222 1945 268 1985 rm
276 1947 319 1986 ωτι
327 1948 352 1987 01
437 1935 526 2018 569.
551 1936 610 2000 Ita
631 1937 782 1999 omnium
809 1936 1021 2002 audientium
1046 1939 1174 2020 spebus
1199 1939 1333 2016 erectis,

224 1996 347 2037 Glouetster

224 2035 430 2138 ⁶⁰²'dli⁸‘¹‘⁰1³d
456 2037 615 2100 comitem
639 2055 758 2118 preces
776 2055 899 2112 versae,
917 2044 956 2100 ut
982 2035 1073 2100 hunc
1094 2037 1248 2102 laborem
1270 2057 1334 2120 pro
1414 2056 1431 2072 ‘

222 2107 366 2198 {iusim
384 2135 513 2199 sororis
527 2141 562 2199 et
579 2141 741 2216 nepotum
754 2133 968 2200 haereditate
982 2136 1195 2218 dignaretur.
1248 2138 1331 2201 Dis·

382 2233 563 2299 simulavit
584 2234 644 2298 illo
665 2235 789 2316 primo,
806 2233 978 2298 difficilem
1000 2255 1072 2298 rem
1094 2236 1331 2318 praetendens:

385 2340 584 2414 suspectum
605 2352 668 2415 per
682 2333 949 2398 confertissimos
966 2332 1084 2398 hostes
1107 2336 1174 2399 iter
1188 2337 1276 2400 citra
1297 2344 1334 2401 et

385 2432 477 2495 ultra
494 2452 588 2496 mare
601 2453 610 2512 ;
624 2433 851 2514 periculosum
868 2435 990 2510 sorori,
1003 2453 1107 2516 quam
1122 2435 1159 2498 in
1175 2436 1334 2500 absentia

385 2530 461 2613 ejus
475 2531 534 2595 alii
552 2550 644 2613 aegre
661 2539 852 2608 tuerentur,
870 2533 930 2614 qui
950 2551 1026 2596 eam
1043 2534 1080 2596 in
1095 2535 1254 2618 captione
1268 2553 1334 2600 sua

387 2649 475 2711 pene
489 2631 712 2713 reliquerant,
726 2632 829 2694 rebus
851 2631 918 2713 ipsi
939 2633 1012 2696 suis
1027 2631 1139 2696 diffisi.
1193 2633 1331 2698 Favens

386 2729 525 2792 tandem
554 2729 705 2793 omnium
728 2731 883 2793 unanimi
897 2731 1082 2808 voluntati,
1106 2732 1243 2796 obsides
1270 2753 1332 2817 po·

387 2828 500 2908 poscit
515 2828 693 2910 sigillatim
708 2829 752 2892 ab
767 2828 820 2891 his
839 2830 898 2911 qui
912 2831 1098 2913 optimates
1115 2832 1334 2912 videbantur,

386 2945 503 2990 secum
527 2929 564 2991 in
594 2927 844 2991 Normanniam
873 2928 1058 3008 ducendos,
1079 2931 1254 3014 vadesque
1280 2933 1333 2996 fu-

386 3032 483 3090 turos
496 3034 568 3090 tam
586 3027 703 3091 comiti
715 3025 961 3109 Andegavensi
973 3023 1096 3112 ²quam
1111 3031 1332 3112 imperatrici,

386 3126 478 3206 quod
500 3145 619 3190 omnes
631 3126 764 3209 junctis
786 3128 991 3191 umbonibus
1013 3130 1057 3193 ab
1080 3149 1133 3207 ea,
1154 3130 1236 3194 dum
1258 3131 1332 3215 ipse

386 3226 534 3303 abesset,
547 3226 691 3309 injurias
707 3227 960 3308 propulsarent,
973 3221 1124 3292 ³vicibus
1144 3229 1216 3293 suis
1238 3231 1332 3312 apud

387 3323 586 3390 Oxeneford
602 3332 790 3389 manentes.
823 3323 1064 3391 Acclamatum
1074 3336 1128 3392 est
1138 3330 1333 3408 sententiae,

385 3422 526 3507 datique
542 3425 679 3490 obsides
695 3424 947 3490 Normanniam
963 3425 1121 3491 ducendi.

384 3587 557 3646 QUOMODO
581 3590 698 3638 OOMES
713 3590 989 3638 ANDEGAVENSIS
1005 3591 1162 3640 AUXILIO
1186 3593 1332 3641 COMI'I'IS

433 3687 674 3736 GLOECESTRAE
698 3690 818 3737 DEOEM
838 3689 1021 3738 CASTELLA
1044 3691 1084 3739 IN
1106 3691 1331 3742 NORMANNIA

434 3786 599 3835 curuum.

219 3880 367 3974 lffissffir,
434 3894 523 3976 §tu
547 3894 724 3959 Robertus
748 3915 831 3978 ergo
845 3895 1054 3960 valefaciens
1080 3898 1203 3976 sorori,
1217 3898 1331 3963 ductis

217 3982 302 4032 mandy.

418 4081 425 4110 ¹
447 4086 621 4150 Cognoscere]
646 4089 679 4137 Ε.
702 4089 777 4148 L2.;
805 4103 844 4137 re-

379 4167 539 4217 cognoscere,
550 4155 578 4206 S.
591 4157 625 4206 D.
903 4155 1050 4222 ³Vicibus.]
1075 4161 1109 4210 D.
1128 4161 1161 4211 E.
1180 4161 1250 4222 Εἰς
1271 4163 1332 4212 viri·

422 4222 553 4288 'Quemff
590 4227 624 4278 Ε.
652 4227 728 4286 L2.;
765 4241 841 4288 quam
866 4228 924 4290 bus,
936 4228 965 4278 S.

377 4293 462 4356 etiam,
475 4294 504 4345 S.
516 4295 551 4344 D.

1328 4781 1343 4812 ·
1532 4483 1539 4892 ‹
