3152 4970
379 493 446 558 652
594 507 707 557 cnsrn
731 507 857 557 areum
881 506 1096 558 suenorum
1188 495 1276 577 [nin.
1293 511 1328 557 v.

381 685 461 730 nem
478 673 514 731 et
531 667 575 744 ei,
589 667 742 732 vixdum
755 667 935 731 duodecim
952 684 1121 730 annornm
1137 673 1241 742 esset,
1258 685 1331 730 orn-

382 785 443 830 nes
459 766 558 830 liberi
575 766 729 830 homines
744 764 885 848 Angliae
909 773 945 830 et
960 765 1197 841 Normanniae,
1213 765 1329 849 cujus·

381 884 517 947 cunque
536 865 664 930 ordinis
681 872 716 929 et
733 865 927 946 dignitatis,
950 863 1185 948 cujuscunque
1199 863 1330 927 domini

383 964 513 1042 fideles,
534 966 693 1029 manibus
715 971 751 1028 et
773 971 990 1030 sacramento
1012 983 1050 1028 se
1069 963 1194 1026 dedere
1217 963 1330 1027 coacti

383 1070 476 1128 sunt.
530 1063 655 1128 Filiam
672 1083 810 1146 quoque
826 1063 991 1127 Falconis
1013 1062 1148 1126 comitis
1164 1060 1330 1144 Andega-

384 1151 501 1226 vensis
515 1162 576 1228 vix
592 1163 743 1228 nubilem
757 1163 833 1247 ipse
846 1163 952 1226 etiam
966 1155 1116 1244 impubis
1130 1155 1330 1244 ¹despondit

385 1269 421 1326 et
437 1263 583 1345 accepit,
601 1262 684 1327 dato
700 1263 767 1326 sibi
781 1280 803 1325 a
817 1257 936 1326 socero
953 1261 1120 1326 comitatu
1136 1258 1330 1324 Cenoman-

385 1361 463 1424 nico
486 1380 551 1445 pro
575 1381 718 1425 munere
740 1360 968 1444 sponsalicio:
993 1359 1077 1442 quin
1098 1366 1133 1424 et
1155 1358 1330 1444 lerosoly-

384 1478 476 1523 mam
493 1459 602 1524 Fulco
622 1461 674 1524 ire
693 1459 916 1537 contendens,
930 1459 1132 1523 comitatum
1156 1477 1329 1522 commen·

384 1557 483 1622 davit
505 1559 579 1639 regi
606 1577 719 1634 suum,
744 1559 775 1622 si
799 1551 968 1638 ²riveret3
999 1557 1153 1623 futurum
1174 1557 1330 1640 profecto

385 1657 516 1738 generi,
543 1657 668 1721 sinon
692 1657 830 1722 rediret.
883 1657 1008 1720 Plures
1035 1676 1119 1739 ergo
1143 1656 1331 1739 provinciae

386 1756 592 1837 spectabant
608 1763 731 1821 nutum
746 1755 857 1839 pueri,
873 1757 1131 1839 putabaturque
1154 1754 1246 1838 regis
1261 1755 1333 1819 Ed-

386 1855 495 1918 wardi
509 1855 713 1920 vaticinium
729 1856 765 1919 in
788 1875 830 1920 eo
852 1855 1116 1938 complendum3
1142 1855 1333 1920 ferebatur·

386 1973 454 2036 qne
480 1973 559 2036 spes
574 1953 726 2037 Angliae,
740 1948 860 2018 ³m0do
886 1954 1019 2018 arboris
1042 1954 1190 2032 succisa,
1209 1953 1246 2016 in
1271 1953 1332 2017 illo

382 2051 572 2135 juvenculo
585 2053 711 2118 iterum
726 2053 868 2118 floribus
891 2055 1088 2136 pubescere,
1103 2054 1236 2117 fructus
1252 2073 1333 2135 pro·

387 2151 538 2230 trudere,
564 2160 601 2217 et
625 2152 704 2217 ideo
737 2153 840 2216 finem
864 2153 1033 2217 malornm
1060 2153 1193 2235 sperari
1219 2171 1333 2234 posse.

388 2250 466 2315 Deo
488 2252 591 2316 aliter
604 2252 739 2332 risum3
762 2251 999 2336 hujuscemodi
1021 2251 1113 2316 enirn
1137 2250 1333 2334 opinionem

390 2351 545 2416 tulerunt
560 2369 666 2429 aurae,
693 2351 786 2433 quod
809 2371 887 2415 eurn
909 2351 1069 2434 proxima
1090 2351 1163 2414 dies
1187 2350 1336 2432 urgebat

390 2447 464 2512 fato
495 2450 705 2514 satisfacere.
757 2451 943 2514 Enimvero
974 2469 1093 2514 socero
1123 2457 1206 2514 tunc
1235 2448 1335 2512 anni-

389 2554 498 2624 tente,
512 2548 683 2631 simulque
692 2548 887 2614 Tbetbaldo
900 2548 972 2612 filio
986 2547 1154 2631 Stephani
1167 2556 1203 2612 et
1212 2545 1335 2611 Adalae

390 2645 518 2723 amitae,
551 2647 758 2711 Lodowicus
794 2668 857 2712 rex
895 2647 1052 2712 Franciae
1085 2647 1335 2711 Normanniam

389 2746 562 2809 concessit
577 2763 697 2826 puero,
714 2752 755 2809 ut
768 2746 862 2811 facto
883 2747 950 2810 sibi
972 2746 1123 2830 hominio
1145 2746 1337 2829 possideret

391 2862 467 2906 eam
489 2844 570 2927 jure
594 2844 772 2926 legitimo:
796 2845 979 2910 ordinabat
1003 2845 1078 2909 haec
1104 2851 1138 2909 et
1166 2843 1337 2908 efficiebat

389 2942 649 3024 prudentissimi
678 2944 789 3026 patris
827 2943 1021 3027 prudentia,
1057 2953 1097 3009 ut
1133 2943 1335 3020 hominium,

390 3041 482 3123 quod
510 3043 584 3124 ipse
609 3061 672 3124 pro
696 3043 845 3107 culmine
869 3042 1003 3127 imperii
1023 3043 1197 3108 fastidiret
1210 3042 1336 3120 facere,

389 3141 483 3205 filins
499 3141 680 3220 delicatus,
696 3148 732 3205 et
753 3143 813 3225 qui
835 3144 1024 3226 putabatur
1039 3142 1132 3206 viam
1154 3141 1262 3206 seculi
1282 3142 1336 3204 in-

390 3261 585 3322 gressurae,
601 3261 671 3306 non
693 3249 878 3309 recusaret.
930 3241 1000 3306 His
1021 3240 1194 3322 agitandis
1208 3247 1244 3304 et
1260 3240 1336 3324 pla·

320 3399 322 3404 ,
389 3341 460 3404 cita
493 3340 678 3404 concordia
713 3339 958 3423 componendis
987 3346 1138 3422 quatuor
1168 3358 1336 3403 annorum

389 3445 525 3521 tempus
558 3459 621 3502 rex
644 3439 825 3521 impendit,
857 3439 893 3502 in
920 3439 1138 3503 Normannia
1164 3445 1240 3503 toto
1270 3438 1336 3502 hoc

389 3543 542 3618 ternpore
568 3544 734 3602 moratus
785 3536 1025 3602 Veruntamen
1049 3545 1121 3602 tem
1146 3537 1336 3619 splendidae

385 3641 423 3703 et
440 3636 649 3717 excogitatae
671 3637 768 3719 pacis
791 3656 962 3714 serenum,
987 3644 1061 3701 tam
1080 3635 1233 3700 omnium
1257 3655 1337 3719 spes

386 3856 471 3907 fuerat
487 3859 663 3921 comminatus,
673 3859 751 3920 quod,
767 3859 790 3908 si
805 3860 852 3908 ali·
876 3858 1002 3920 daughter
1019 3858 1048 3908 of
1066 3859 1108 3908 the
1128 3860 1181 3910 eerl
1200 3860 1230 3909 of
1243 3861 1340 3924 Anjou,

384 3929 852 3990 quandosupereooregnaret,faceret
875 3943 943 3978 were
966 3929 1109 3979 celebrated
1131 3930 1157 3978 in
1176 3929 1245 3980 June
1266 3935 1339 3994 1119,

385 4011 429 4045 eos
451 3998 485 4046 ed
515 4003 627 4047 uranum
654 3997 753 4046 trahere
775 3999 850 4058 quasi
875 3999 960 4047 before
970 3998 1285 4049 thecouncilobeeims.

385 4067 479 4119 boves:
503 4067 548 4117 sed
560 4082 605 4127 spe
622 4080 670 4114 sua
680 4066 850 4116 choruscabili
909 4065 1054 4131 'Viceret.]
1072 4067 1106 4118 A.
1126 4070 1156 4118 G.
1175 4067 1211 4118 D.
1227 4069 1278 4130 E.;
1294 4084 1338 4118 ve-

386 4135 436 4183 Dei
449 4137 562 4185 vindicta
573 4151 629 4184 cum
642 4136 701 4184 ullis
711 4136 839 4196 deperiit!
874 4137 948 4198 niret,
960 4138 989 4186 S.
999 4137 1053 4186 La

412 4201 428 4234 *¹
448 4206 604 4270 Deprendit]
621 4205 675 4254 'l'be
694 4205 807 4266 nuptiale
823 4205 853 4252 of
908 4204 1010 4256 ³Modo
1029 4207 1123 4256 arboris
1150 4206 1264 4270 succiso]
1289 4207 1337 4258 See

386 4273 478 4327 l’rince
501 4276 613 4329 william
637 4275 700 4325 with
728 4275 848 4337 Madidis,
860 4274 885 4345 ,1
897 4279 954 4338 226,
966 4292 991 4339 p.
1004 4280 1060 4326 181.
