3152 4970
392 475 458 540 712
678 481 851 540 ursroarn'
875 490 1052 538 uovsuon.
1218 473 1305 554 [ura.
1324 490 1352 536 1.

395 646 536 711 enimet
553 648 688 728 maguis
709 646 886 712 laboribus
908 646 981 712 suis
1003 648 1039 710 in
1062 655 1199 710 'cassum
1216 647 1350 725 effusis,

388 747 488 818 ¹datis
512 745 569 811 vel
594 747 781 812 honoribus
806 747 863 812 vel
890 746 1056 824 castellis,
1083 747 1281 810 simulatam
1303 749 1350 812 ad

397 854 534 928 tempus
565 865 685 928 pacem
717 847 762 910 ab
793 847 864 910 illis
895 846 1125 929 promerebat.
1186 846 1350 930 Denique

397 945 525 1009 multos
542 947 647 1009 etiam
673 947 829 1024 comites,
845 947 905 1028 qui
929 952 1011 1009 ante
1036 965 1106 1009 nou
1121 945 1269 1023 fuerant,
1293 949 1349 1010 in-

398 1045 533 1124 stituit3
571 1045 745 1128 applicitis
788 1045 1064 1128 possessionibus
1094 1052 1130 1109 et
1158 1046 1350 1110 redditibus
1399 1069 1404 1076 ·

399 1161 478 1226 quae
500 1145 640 1227 proprio
657 1145 737 1228 jure
761 1145 834 1227 regi
859 1145 1112 1226 competebant.
1165 1145 1275 1209 Erant
1295 1147 1350 1209 illi

400 1239 573 1308 avidiores
595 1244 640 1308 ad
661 1244 859 1327 petendum,
887 1250 923 1308 et
944 1245 975 1307 is
996 1243 1169 1326 profusior
1192 1245 1237 1308 ad
1261 1235 1350 1309 dan-

401 1342 504 1422 dum3
543 1345 626 1425 quia
650 1343 743 1407 fama
768 1363 830 1427 per
855 1341 1020 1425 Angliam
1043 1344 1227 1421 volitabat,
1255 1346 1348 1427 quod

401 1461 517 1506 comos
545 1441 758 1507 Gloccestrae
790 1443 978 1520 Robertus,
1007 1442 1068 1524 qui
1093 1450 1169 1507 erat
1194 1445 1230 1507 in
1257 1444 1351 1508 Nor-

402 1541 554 1619 mannia,
580 1542 617 1605 in
642 1543 802 1625 proximo
826 1549 959 1625 partes
977 1542 1104 1606 sororis
1135 1542 1225 1607 foret
1249 1545 1350 1627 adju·

402 1646 515 1718 turus,
546 1659 628 1722 rege
659 1642 899 1706 tantummodo
931 1649 1012 1706 ante
1041 1639 1206 1706 diffidato.
1272 1643 1350 1706 Nec

398 1733 506 1804 '¹fides
531 1761 645 1804 rerum
664 1741 765 1805 famae
788 1740 965 1806 levitatem
989 1740 1169 1805 destituit:
1193 1743 1351 1807 celeriter

391 1841 494 1903 -cnim
510 1847 591 1922 post
607 1840 849 1918 Pentecosten,
871 1841 986 1904 missis
1006 1860 1028 1908 a
1045 1840 1261 1905 Normannia
1277 1844 1352 1906 suis

404 1941 491 2021 regi,
516 1959 610 2010 more
634 1941 806 2026 majorum
831 1939 1017 2007 amicitiam
1047 1947 1083 2004 et
1110 1939 1213 2004 fidem
1243 1942 1352 2006 inter-

397 2038 505 2117 dixit,
530 2039 692 2122 homagio
714 2040 819 2113 etiam
851 2039 1030 2119 abdicato;
1068 2040 1236 2104 rationem
1261 2059 1352 2122 praa-

403 2139 517 2203 lerens
539 2159 645 2223 quam
666 2140 701 2204 id
722 2140 818 2226 juste
833 2139 973 2216 laceret,
988 2138 1070 2221 quia
1093 2145 1208 2210 etrex
1229 2141 1350 2205 illicite

404 2240 449 2303 ad
465 2259 610 2322 regnum
634 2241 861 2323 aspiraverat,
878 2246 914 2303 ct
929 2258 1064 2304 omnem
1080 2237 1182 2302 fidem
1208 2240 1273 2303 sibi
1292 2240 1353 2324 ju-

404 2346 516 2405 ratam
547 2340 761 2422 neglexerat,
793 2359 836 2404 ne
868 2338 979 2402 dicam
1017 2334 1181 2402 mentitus
1217 2338 1352 2418 fuerat3

404 2439 552 2522 ipsemet
573 2441 658 2522 quin
682 2440 787 2504 etiam
817 2446 939 2505 contra
966 2439 1079 2520 legem
1108 2439 1249 2521 egisset,
1280 2440 1354 2521 qui,

404 2547 484 2622 post
499 2546 752 2603 sacramentum
769 2539 862 2622 quod
878 2539 988 2602 sorori
998 2531 1152 2616 dederat,
1164 2531 1264 2602 alteri
1280 2540 1353 2602 cui·

404 2638 488 2702 libet
516 2658 559 2702 ea
573 2640 712 2703 vivente
735 2659 773 2703 se
800 2657 922 2704 manus
947 2637 1030 2701 dare
1053 2657 1122 2701 nou
1148 2638 1352 2702 erubuisset.

404 2736 619 2803 Animabant
636 2739 797 2802 nimirum
822 2744 971 2801 mentam
993 2737 1069 2821 ejus
1091 2738 1277 2802 multorum
1300 2758 1356 2800 re-

405 2837 608 2918 ligiosorum
637 2831 816 2919 responsa,
844 2855 932 2919 quos
964 2856 1067 2920 super
1100 2839 1240 2919 negotio
1269 2857 1354 2901 con-

406 2937 582 3002 suluerat:
611 2936 719 3001 Nullo
736 2937 838 3001 modo
852 2956 930 3000 eum
952 2955 1055 3019 posse
1069 2935 1143 2999 sine
1163 2937 1355 3019 ignominia

406 3036 514 3101 vitam
537 3044 742 3120 praesentem
765 3037 970 3118 transigere,
985 3037 1041 3101 vel
1063 3037 1186 3100 mereri
1209 3038 1356 3101 beatitu-

406 3137 520 3201 diuem
544 3137 682 3215 suturae,
706 3137 736 3201 si
763 3145 918 3219 paternae
939 3133 1203 3200 necessitudinis
1236 3156 1354 3200 sacra·

407 3245 560 3302 mentum
584 3237 720 3302 irritum
742 3237 897 3300 haberet.
947 3229 1018 3299 ²Ad
1043 3235 1118 3298 haec
1139 3237 1242 3300 etiam
1269 3245 1356 3318 apo-

406 3337 521 3401 stolici
542 3337 671 3402 decreti
697 3356 770 3420 prae
794 3357 831 3400 se
854 3343 1007 3400 tenorem
1029 3333 1174 3412 serebat,
1196 3337 1357 3418 praecipi-

407 3436 497 3500 entis
512 3443 552 3500 ut
566 3443 795 3512 sacramento,
806 3435 898 3518 quod
914 3441 1084 3516 praesente
1099 3442 1199 3515 patre
1213 3435 1356 3512 fecerat,

407 3535 569 3601 obediens
587 3542 697 3615 esset;
721 3535 821 3618 cujus
842 3535 975 3599 decreti
992 3535 1156 3616 paginam
1172 3535 1357 3616 posteriori

407 3633 524 3698 libello
539 3634 690 3699 indicere
711 3635 852 3699 curabo.
904 3633 994 3698 Haeo
1009 3633 1063 3696 vir
1083 3633 1154 3710 ille,
1169 3633 1231 3716 qui
1252 3635 1358 3716 plena

400 3733 570 3798 satietate
586 3734 765 3798 literarum
788 3732 969 3797 scientiam
984 3733 1206 3810 combiberat,
1228 3753 1358 3814 magno

407 3831 523 3898 fructu
542 3832 608 3899 sibi
621 3833 695 3898 sore
717 3834 754 3897 iu
774 3839 951 3915 posterum
973 3832 1116 3896 sciebat.
1169 3831 1357 3912 Caeterum,

407 3953 472 3998 rex
497 3953 589 4016 aegre
605 3931 718 3998 ferens
741 3933 875 3997 comitis
898 3930 1230 4014 magnanimitatem,
1248 3934 1358 3997 omni-

442 4205 451 4240 ¹
464 4203 564 4278 Fides]
576 4205 624 4269 E.;
636 4209 740 4270 veritas,
751 4207 781 4257 S.
796 4210 825 4258 C.
833 4208 868 4257 D.
929 4203 940 4236 ²
957 4205 1000 4255 Aa
1021 4205 1094 4268 baa]
1119 4207 1151 4255 E.
1159 4221 1168 4270 ;
1185 4206 1261 4255 Adde
1279 4207 1360 4269 quod,

407 4279 462 4329 La.
869 4323 871 4328 .
896 4276 1035 4338 S.c.1).;
1051 4276 1345 4338 Addebantquod,na.
