3152 4970
228 475 297 522 nm,
316 459 359 543 a]
514 477 689 526 maroam
712 478 890 528 Novanus.
1114 463 1179 526 707

229 633 328 698 nulla
352 627 494 717 propter
512 635 679 718 praefatas
694 653 820 702 causas
842 634 991 700 dabatur
1007 633 1178 714 facultast

229 733 286 796 cui
300 733 464 798 nimirum
483 735 598 800 necin
615 733 781 816 Angliam
797 734 915 800 venire
931 733 1077 802 liberum
1094 740 1180 810 erat,

229 831 309 910 nisi,
336 833 438 916 quasi
464 833 666 898 defectionis
694 853 813 902 eorum
842 832 1042 916 particeps,¹
1055 832 1180 910 mentis

230 949 304 994 suae
332 951 497 996 arcanum
520 932 564 996 ad
591 940 729 1014 tempus
755 931 1002 1000 dissimularet.
1055 931 1181 1013 Itaque

230 1029 430 1112 homagium
451 1032 527 1114 regi
542 1032 624 1096 fecit
640 1033 705 1096 sub
719 1029 917 1100 conditione
932 1031 1094 1114 quedam,
1113 1031 1181 1094 sci·

230 1127 324 1206 licet,
339 1131 504 1212 quamdiu
521 1130 580 1195 ille
595 1130 799 1212 dignitatem
821 1149 921 1198 suam
945 1131 1180 1212 integre-cus·

231 1227 359 1294 todiret
372 1236 408 1293 et
422 1231 489 1296 sibi
505 1237 611 1344 pacta
627 1236 803 1296 servaret·
795 1236 979 1313 ‚spectato
991 1228 1081 1298 euim
1091 1228 1183 1312 jam·

231 1326 363 1392 dudum
389 1329 482 1411 regis
515 1328 669 1411 ingenio,
700 1328 966 1396 instabilitatem
996 1327 1078 1396 fidei
1106 1326 1182 1412 ejus

231 1427 458 1508 praevidebat.

232 1615 280 1662 DE
302 1613 544 1664 SAGRAMENTO
562 1614 659 1674 QUOD
682 1614 760 1663 REX
778 1612 991 1662 STEPHANUS
1015 1612 1118 1660 FECIT
1135 1613 1182 1660 DE

275 1712 470 1764 SERVANDA
485 1713 652 1764 JUSTITIA
669 1714 713 1762 ET
729 1712 949 1762 PRIVILEGHS
965 1713 1010 1760 ΕΤ
1030 1711 1182 1762 LEGIBUS

276 1813 401 1862 REGNI.

285 1919 304 2003 §
325 1920 381 1985 15.
404 1918 541 1986 Eodem
555 1937 658 1998 anno,
673 1937 744 1986 non
766 1918 876 1987 multo
897 1925 979 2002 post
995 1919 1183 1990 adventum

233 2019 382 2096 comitis,
415 2018 627 2101 juraveruut
666 2019 823 2103 episcopi
863 2017 1066 2088 fidelitatem
1108 2020 1184 2100 regi

234 2117 402 2200 quamdiu
422 2117 482 2182 ille
502 2118 701 2184 libertatem
717 2117 872 2184 ecclesiae
893 2125 928 2184 et
942 2117 1099 2199 vigorem
1112 2117 1184 2182 dis-

235 2217 372 2300 ciplinae
394 2225 626 2282 conservaret.
680 2216 762 2298 Ipse
777 2236 918 2299 quoque
929 2216 1064 2300 juravit
1077 2216 1184 2300 juxta

154 2366 157 2371 -
234 2323 390 2382 tenorem
418 2316 541 2398 scripti
570 2315 664 2399 quod
695 2317 747 2382 sic
778 2314 963 2384 habetur
952 2335 1001 2384 1n
1014 2315 1182 2384 subditis:

234 2417 334 2498 ‘Ego
350 2415 561 2497 Stephanus,
579 2414 646 2480 Dei
668 2414 794 2496 gratia,
807 2433 954 2481 assensu
974 2414 1106 2482 cleriet
1091 2421 1183 2496 t-po
1196 2427 1306 2520 seiherus

235 2515 349 2598 pulis
339 2535 376 2580 m
398 2533 515 2596 regem
528 2512 670 2596 Angliee
695 2513 838 2591 electus,
853 2521 889 2581 et
904 2533 927 2578 a
941 2513 1080 2582 domino
1094 2514 1185 2583 Wil·
1279 2507 1285 2518 ’

138 2625 141 2637 ’
236 2615 340 2680 lelmo
364 2613 623 2697 archiepiscopo
642 2613 841 2680 cantuariae
864 2619 899 2680 et
920 2620 1052 2682 sauctae
1074 2614 1183 2680 eccle·

220 2715 299 2780 siae
315 2714 486 2780 Romanae
501 2714 619 2796 legato
631 2713 1183 2790 eonseemeu,eteb1nnoeent1o

236 2820 367 2879 sanctae
385 2813 556 2880 Romanae
576 2813 669 2881 sedis
683 2813 847 2896 pontifice
860 2813 1080 2896 postmodum
1102 2833 1184 2881 oon-

235 2913 404 2991 firmatus,
418 2919 587 2998 respectu¹
601 2920 639 2978 et
664 2921 780 2980 amore
797 2913 866 2980 Dei
889 2921 1048 2982 sanctam
1064 2913 1184 2982 'eccle-

235 3013 325 3079 siam
347 3012 493 3077 liberam
513 3031 590 3078 esse
617 3013 780 3090 concedo,
796 3019 833 3078 et
847 3011 999 3079 debitam
1026 3027 1185 3079 reveren·

238 3111 323 3175 tiam
343 3110 394 3173 illi
416 3110 593 3174 confirmo.
645 3110 744 3174 Nihil
763 3130 818 3173 me
840 3111 878 3173 in
900 3110 1057 3186 ecclesia,
1073 3111 1128 3174 vel
1150 3110 1186 3173 in

237 3211 339 3273 rebus
363 3207 616 3286 ecclesiasticis,
638 3207 836 3291 symoniace
852 3193 1186 3290 'acturum'r'el‘per-

238 3309 424 3372 missurum
442 3325 519 3374 esse
543 3307 717 3390 promitto
770 3307 1090 3378 Ecclesiasticarum
1110 3326 1188 3390 per·
1277 3375 1279 3380 ,

238 3426 403 3472 sonarum
422 3413 458 3470 et
480 3407 633 3470 omnium
647 3405 860 3483 clericorum,
873 3413 912 3470 ct
927 3426 1046 3471 rerum*
1055 3425 1186 3484 eorum,

233 3506 410 3594 justitiam
442 3512 478 3571 et
507 3511 729 3590 potestatem,
760 3513 796 3571 et
820 3505 1095 3570 distributionem
1126 3507 1188 3570 bo-

237 3626 361 3670 norum
392 3604 715 3683 ecclesiasticorum,
746 3603 783 3691 in
813 3623 917 3668 manu
948 3605 1187 3688 episcoporum

136 3756 139 3762 .
239 3725 315 3771 esse
346 3703 509 3788 perhibeo
540 3711 576 3769 et
605 3705 781 3769 confirmo.
846 3703 1047 3786 Dignitates
1077 3706 1186 3769 ecele-

237 3806 367 3870 siarum
380 3805 571 3888 privilegiis
595 3823 714 3884 earum
738 3801 971 3882 confirmatas,
988 3811 1024 3870 et
1044 3823 1188 3871 consue·

237 3905 375 3968 tudines
398 3923 517 3967 earum
535 3905 678 3988 antiquo
703 3911 823 3969 tenore
848 3904 998 3980 habitas,
1022 3902 1187 3967 inviolate

228 4023 377 4085 ‚manere
394 3996 529 4069 ¹statuo
543 4011 578 4069 et
594 4003 770 4069 confirmo.
822 4003 953 4067 Omnes
966 4001 1188 4084 ecclesiarum

304 4242 313 4275 ¹
325 4245 415 4295 Statue
426 4249 451 4295 et
460 4241 596 4313 confimo]
613 4247 663 4308 E.;
679 4246 790 4297 concedo
801 4250 827 4296 et
836 4247 971 4311 statuant.
985 4248 1016 4297 0.
1031 4247 1064 4298 D.
1076 4247 1129 4298 112·
