3152 4970
370 479 436 546 632
585 491 697 540 onera
724 490 852 539 uncuu
875 489 1093 538 aucuonuu.
1184 473 1325 556 [mnu

372 651 488 736 parius
513 645 605 733 dixi)
631 648 816 731 Philippus
840 645 1026 712 accedente
1048 646 1157 724 senio,
1180 645 1323 710 libidine

373 749 503 832 gravis,
513 741 522 780 ¹
531 747 786 829 comitissaeque
799 745 1064 827 Andagavensis
1078 747 1194 828 specie
1211 747 1321 823 lusus,

372 847 503 912 illicitis
520 847 700 912 ardoribus
710 845 944 910 defoeneratus
958 845 1203 910 famulabatur.
1227 843 1323 924 Quo·
1429 897 1434 913 ,

374 949 467 1011 circa
482 947 525 1010 ab
539 947 732 1030 apostolico
747 945 1078 1023 excommunicatae,
1093 965 1172 1009 cum
1187 944 1222 1007 in
1239 944 1323 1008 villa

375 1065 446 1129 qua
468 1047 680 1110 mansitabat
706 1043 792 1109 nihil
816 1043 925 1108 divini
953 1045 1086 1109 servitii
1111 1043 1221 1121 lieret,
1249 1043 1321 1123 sed,

376 1145 640 1222 discedentem,
657 1144 803 1209 tinnitus
825 1144 1003 1226 signorum
1016 1143 1168 1226 undique
1184 1162 1323 1207 concre-

377 1253 512 1328 parent,
534 1243 702 1308 insulsam
727 1242 925 1308 fatuitatem
947 1242 1124 1307 cachinnis
1150 1243 1322 1325 exprime-

377 1345 458 1424 bat;
482 1342 640 1421 ‘Audis’
655 1343 827 1424 inquiens,
844 1343 955 1406 ‘bella
972 1341 1143 1425 quomodo
1158 1361 1222 1407 nos
1239 1342 1324 1405 effus
1345 1396 1350 1408 .

378 1445 483 1525 gant!
496 1441 504 1470 '
555 1440 655 1507 Adeo
670 1448 746 1506 erat
761 1442 920 1506 omnibus
944 1442 1118 1524 episcopis
1135 1441 1323 1524 provinciae

378 1560 451 1605 suae
477 1540 618 1618 derisui,
639 1551 678 1606 ut
706 1541 822 1604 nullus
849 1560 915 1605 eos
930 1540 1158 1625 desponsaret
1179 1534 1324 1622 ²praeter

378 1640 592 1705 willelmum
610 1640 906 1722 archiepiscopum
925 1639 1239 1722 Rotomagensem3
1263 1659 1323 1703 cu-

374 1739 434 1823 jus
449 1738 531 1804 facti
548 1740 778 1803 temeritatem
787 1739 853 1803 luit
862 1739 979 1803 multis
994 1739 1095 1804 annis
1109 1739 1324 1816 interdictus

378 1844 414 1901 et
424 1837 486 1901 vix
501 1837 640 1902 tandem
657 1837 845 1920 aliquando
859 1858 921 1920 per
935 1836 1138 1902 Anselmum
1156 1838 1325 1920 archiepi-

379 1955 521 2020 scopum
546 1937 748 2018 apostolicae
770 1937 1003 2001 communioni
1024 1938 1190 2002 redditus
1243 1936 1326 2000 Phi-

377 2035 473 2119 lippo
490 2037 622 2101 interea
647 2036 744 2099 nulla
762 2054 860 2099 mora
883 2037 1015 2101 insanae
1033 2036 1246 2100 temulentiae
1268 2055 1326 2100 sa·

379 2136 536 2199 tietatem
558 2135 651 2213 fecit,
669 2135 735 2199 nisi
752 2135 856 2217 quod,
880 2135 917 2198 in
941 2143 1097 2200 extremo
1111 2137 1194 2200 vitae
1211 2142 1325 2199 tactus

378 2235 510 2312 morbo,
525 2229 781 2299 ³monachicum
796 2234 888 2316 apud
907 2235 1104 2300 Floriacum
1115 2235 1248 2318 accepit
1265 2233 1326 2297 ha-

378 2334 506 2398 bitum:
530 2334 708 2416 pulchrius
726 2341 761 2400 et
778 2333 987 2398 fortunatius
1009 2335 1082 2408 illa,
1106 2334 1198 2417 quod
1221 2341 1325 2397 aetate

379 2439 415 2496 et
430 2433 580 2496 sanitate
597 2433 745 2514 integra,
760 2453 823 2497 nec
838 2433 951 2517 specie
967 2442 1105 2516 rugata,
1121 2433 1213 2516 apud
1231 2432 1324 2497 Fon-

380 2537 449 2594 tem
464 2531 606 2595 Evraldi
619 2532 932 2597 sanctimonialium
947 2535 1093 2616 appetiit
1108 2534 1243 2613 velum3
1262 2551 1325 2596 nec

380 2628 489 2693 multo
504 2637 585 2711 post
605 2631 769 2713 praesenti
785 2633 868 2695 vitae
882 2631 959 2695 vale
975 2631 1068 2710 fecit,
1087 2633 1164 2697 Deo
1179 2631 1325 2696 forsitan

379 2729 583 2810 providente
610 2748 679 2793 non
706 2748 810 2811 posse
837 2731 994 2796 delicatae
1017 2732 1170 2796 mulieris
1201 2749 1326 2814 corpus

379 2826 556 2908 religionis
569 2828 746 2891 laboribus
760 2829 939 2894 inservire.

430 2925 539 3009 §loa
562 2923 612 2990 At
632 2946 715 2990 vero
742 2926 948 2994 Lodowicus
974 2929 1065 2993 filius
1088 2928 1243 3012 Philippi
1264 2949 1327 2993 va·

378 3025 467 3089 rium
480 3045 518 3090 se
534 3026 710 3108 praestitit,
726 3027 763 3090 in
784 3035 909 3092 neutra
932 3035 1031 3110 parte
1047 3029 1134 3093 bene
1149 3037 1326 3094 constans,

379 3123 498 3190 Primo
522 3127 612 3189 enim
629 3133 783 3218 tempore
800 3127 969 3209 plurimus
986 3129 1023 3190 in
1037 3128 1180 3192 fratrem
1194 3129 1324 3192 irarum

378 3233 500 3290 auctor
516 3225 672 3291 Henrico
696 3228 741 3290 ad
759 3225 962 3308 capiendam
979 3226 1228 3291 Normanniam
1248 3227 1326 3305 fuit,

376 3332 559 3408 corruptus
583 3325 745 3389 videlicet
778 3322 973 3408 Anglorum
1000 3326 1120 3409 spoliis
1152 3334 1188 3391 et
1216 3327 1325 3391 multo

410 3562 613 3626 ¹Cemitiuoeque
632 3562 836 3629 tragemata]

376 3632 508 3694 Berbada
516 3632 600 3682 fourth
607 3633 667 3684 wife
675 3636 705 3684 of
709 3635 838 3696 Foulques
898 3631 1087 3685 ’Moauchicam
1106 3639 1170 3701 apud
1188 3637 1327 3688 floriacum

375 3701 629 3764 1v,ear10fAnj0n.
862 3699 1329 3773 aaepttuattam.]A1th0ughKing

409 3767 531 3822 'Praeter
552 3771 702 3822 Willelarum
720 3773 839 3837 urchupi·
864 3775 984 3837 Philipps
1003 3789 1020 3824 a
1035 3774 1087 3824 few
1097 3791 1172 3837 years
1187 3778 1272 3827 before
1289 3778 1330 3828 his

374 3855 470 3904 amm
489 3841 707 3904 Rotmnagmen]
734 3843 838 3892 Orderi·
863 3844 940 3893 death
951 3845 1107 3894 entertained
1124 3860 1192 3896 some
1206 3847 1332 3897 notiones

375 3925 421 3960 cus
431 3912 524 3960 Vitalis
542 3912 675 3961 atuibutes
693 3911 743 3960 this
762 3917 803 3960 act
813 3917 839 3961 to
863 3914 1008 3975 embracing
1024 3928 1041 3962 a
1056 3917 1178 3965 monastic
1189 3917 1244 3979 life,
1260 3932 1289 3966 as
1305 3919 1328 3966 is

375 3979 434 4030 Odo
441 3981 531 4042 bishop
538 3981 568 4030 oi
575 3981 699 4043 Bayeu13
711 3982 758 4029 but
766 3981 839 4042 Pope
863 3996 923 4032 seen
935 3983 961 4032 in
972 3983 1014 4032 the
1026 3985 1117 4045 epistle
1128 3987 1228 4034 written
1239 3991 1266 4035 to
1275 3987 1329 4036 him

374 4049 463 4099 Urban
491 4051 530 4111 11,
564 4051 591 4098 in
623 4051 664 4099 his
692 4051 785 4111 epistle
813 4055 839 4099 to
862 4053 898 4114 by
909 4052 989 4115 Hugh
1009 4054 1087 4103 abbot
1102 4052 1132 4103 of
1147 4055 1234 4118 Cluni,
1248 4060 1293 4117 yet
1308 4057 1329 4104 it

374 4117 492 4180 Raynuld
511 4120 662 4181 archbishop
680 4119 709 4168 of
725 4119 839 4181 Rheims,
862 4136 972 4182 appears
982 4122 1037 4172 that
1047 4123 1080 4172 he
1091 4139 1167 4174 naver
1177 4125 1276 4174 carried
1286 4125 1327 4176 his

372 4191 485 4305 {scribes
508 4191 528 4241 it
551 4194 577 4240 to
600 4190 677 4244 Ursio
699 4188 789 4252 bishop
812 4190 842 4238 of
863 4191 953 4254 design
964 4192 1110 4243 intoefl‘ect.

391 4259 464 4307 enlis.
