3080 4960
389 485 455 556 ’7,34
677 495 851 546 merome
875 493 1052 542 novenni.
1195 479 1286 560 [nin.
1301 494 1343 542 11.

389 657 425 720 id
443 673 555 739 genus
566 654 730 720 animalia
740 653 785 716 ad
802 655 862 716 eos
873 652 1173 734 compungendum
1187 651 1343 718 irritans.

389 756 414 821 J
416 776 472 820 am
487 775 570 820 vero
594 762 717 819 nactus
740 752 895 828 Divisae,
914 752 1051 835 jactare
1074 772 1144 816 non
1168 753 1344 818 dubitavit

389 875 428 920 se
449 863 560 920 totam
576 855 753 935 regionem
767 871 790 916 a
800 852 982 916 Wintonia
1001 870 1112 934 usque
1127 851 1342 917 Londoniam

389 975 452 1038 per
475 955 512 1019 id
537 953 719 1018 castellum
743 958 1005 1034 occupaturum,
1027 958 1063 1016 et
1090 951 1135 1016 ad
1158 952 1341 1017 tuitionem

390 1054 446 1126 sni
462 1074 526 1137 pro
542 1053 707 1120 militibus
720 1051 920 1118 Flandn'am
934 1051 1132 1116 missurum.
1182 1051 1273 1116 Haec
1287 1052 1341 1116 fa·

390 1173 468 1218 cere
481 1153 704 1218 meditantem
717 1151 805 1215 ultio
821 1150 973 1218 coelestis
990 1151 1169 1238 impedivit
1183 1171 1246 1233 per
1259 1145 1342 1217 ¹Jo·

390 1253 539 1318 hannem
568 1252 678 1316 filium
707 1249 911 1328 Gildeberti,
941 1270 1077 1332 magnae
1100 1251 1262 1314 versutiae
1287 1251 1340 1314 vi-

390 1373 479 1430 rum,
494 1352 555 1435 qui
570 1352 663 1434 apud
681 1350 897 1432 Merleberge
912 1349 1093 1413 castellum
1105 1349 1275 1413 habebat:
1294 1351 1339 1413 ab

391 1471 434 1516 eo
449 1452 618 1533 siquidem
633 1451 781 1516 vinculis
799 1449 996 1526 innodatus,
1013 1449 1097 1531 quia
1113 1449 1254 1514 Divisae
1277 1449 1340 1512 do-

391 1551 495 1615 minae
510 1570 583 1614 suae
606 1551 816 1633 imperatrici
831 1549 974 1614 reddere
987 1549 1214 1623 detrectabat,
1231 1543 1340 1630 ²pati·

391 1650 474 1714 bulo
497 1667 670 1734 appensus
700 1657 737 1714 et
767 1649 987 1714 exanimatus
1014 1655 1080 1714 est.
1131 1647 1225 1714 Miro
1248 1648 1341 1712 circa

391 1749 598 1831 sacrilegum
620 1749 689 1813 Dei
705 1749 838 1832 judicio
859 1748 1047 1823 concitato,
1059 1753 1099 1810 ut
1121 1766 1193 1811 non
1214 1767 1237 1811 a
1258 1767 1341 1828 rege

391 1851 449 1914 cui
463 1849 724 1926 adversabatur,
741 1848 801 1912 sed
824 1849 868 1910 ab
883 1847 953 1911 illis
969 1846 1094 1928 quibus
1114 1847 1231 1912 favere
1244 1847 1341 1912 vide-

391 1950 507 2026 batur,
531 1949 676 2014 exitium
702 1955 774 2012 tam
797 1953 899 2029 turpe
924 1947 1101 2011 meruerit.
1151 1946 1279 2011 Mortis
1300 1947 1343 2010 il-

391 2048 459 2113 lius
477 2056 636 2113 auctores
653 2047 758 2129 digno
773 2046 954 2112 attollendi
970 2046 1157 2128 praeconio,
1169 2047 1229 2128 qui
1242 2053 1343 2110 tanta

391 2155 489 2231 peste
511 2149 660 2230 patriam
685 2147 876 2224 liberarint,
905 2165 946 2212 ao
976 2147 1179 2212 intestinum
1206 2145 1341 2211 hostem

391 2255 465 2312 tam
474 2248 571 2332 juste
586 2247 792 2312 damnarint.

392 2437 441 2484 DE
462 2436 655 2485 coNVENTu
680 2436 811 2484 uscarl
833 2435 877 2482 ΕΤ
900 2434 1179 2482 ARCHIEPISGOPI
1208 2436 1253 2482 ΕΤ
1276 2435 1342 2483 RE·

442 2534 551 2597 GINAE,
574 2537 618 2582 ΕΤ
641 2535 800 2583 ROBERTI
823 2533 969 2582 comnis
997 2534 1249 2596 GLOEGESTRAE,
1272 2535 1342 2582 PRO

442 2636 595 2686 FOEDERE
618 2635 717 2684 Pacis
740 2636 886 2684 AGENDO
914 2635 1027 2684 INTER
1050 2634 1175 2682 REGEM
1210 2634 1254 2681 ΕΤ
1281 2635 1343 2681 IM-

442 2734 690 2783 PERATRIGEM.

231 2851 377 2940 mm
443 2840 538 2924 §37.
561 2839 694 2904 Eodem
722 2858 813 2905 anno
836 2839 873 2904 in
896 2837 1104 2908 Pentecoste
1127 2840 1255 2906 resedit
1279 2859 1344 2904 rex

230 2954 374 3040 diditi?
393 2939 583 3005 Londoniae
605 2939 643 3004 in
657 2939 774 3016 Turni,
790 2939 954 3022 episcopo
975 2941 1216 3005 tantummodo
1239 2939 1342 3020 Sagi-

392 3041 467 3118 ensi
489 3046 684 3122 praesente:
707 3039 894 3104 caeterive]
916 3039 1137 3105 fastidierunt
1157 3040 1214 3104 vel
1235 3040 1340 3104 timu-

392 3147 493 3204 erunt
509 3141 638 3205 venire.
690 3137 881 3220 Aliquanto
898 3145 990 3220 post,
1015 3141 1189 3204 mediante
1211 3139 1363 3220 legata·

393 3241 602 3322 colloquium
631 3239 797 3303 indictum
828 3245 883 3302 est
910 3238 1001 3302 inter
1022 3239 1276 3322 imperatricem
1306 3246 1344 3302 et

393 3360 522 3422 regem,
552 3341 584 3403 si
614 3339 703 3404 sorte
735 3338 812 3402 Deo
841 3338 1033 3420 inspirante
1064 3357 1137 3421 pax
1163 3338 1344 3404 reformari

392 3445 523 3522 posset.
568 3439 788 3503 conventum
797 3437 906 3521 juxta
922 3437 1150 3503 Bathoniam:
1175 3439 1281 3504 misso
1295 3458 1343 3503 ex

393 3546 493 3620 parte
510 3538 738 3620 imperatricis
750 3536 905 3601 Roberto
921 3536 1041 3614 fratre,
1056 3545 1092 3600 et
1103 3538 1238 3601 caeteris
1253 3539 1343 3618 suis3

393 3644 555 3720 exparte
577 3637 682 3717 regis,
698 3637 816 3717 legato
838 3643 873 3699 et
897 3636 1168 3720 archiepiscopo,
1183 3637 1285 3699 simul
1307 3645 1344 3701 et

393 3737 524 3818 regina.
576 3729 833 3813 Sed³inaniter‚
849 3735 1000 3815 inaniter
1008 3737 1163 3819 inquam,
1172 3737 1345 3800 triverunt

393 3844 429 3902 et
446 3837 553 3900 verba
576 3843 612 3900 et
632 3843 800 3919 tempora,
823 3835 1020 3920 infectaque
1037 3855 1124 3919 pace
1141 3836 1343 3901 discessum.

429 4060 585 4112 lJoltcumem
595 4059 681 4126 filium
696 4053 855 4128 caucanet]
880 4065 960 4109 ocatur
977 4061 1036 4124 ert]
1060 4059 1109 4120 Ε.;
1128 4075 1196 4110 more
1216 4049 1343 4111 lenonum

393 4135 426 4184 E.
437 4150 444 4194 ς
460 4134 602 4184 Johanuem
624 4132 759 4192 quendam,
779 4130 807 4178 S.
819 4130 855 4180 D.
879 4145 1018 4192 suspensus
1029 4135 1077 4192 est,
1088 4131 1118 4180 S.
1131 4131 1165 4181 D.
1177 4132 1232 4182 ll.

394 4204 447 4253 La.
913 4198 1070 4265 3Ιηιυιὶίιν.]
1089 4201 1125 4252 D.
1136 4203 1169 4253 E.
1181 4201 1252 4263 1323
1271 4201 1344 4252 omit·

428 4269 566 4320 ’Patibulo
588 4285 705 4334 appensos
726 4270 750 4319 e't
769 4269 853 4320 exani·
877 4271 919 4320 tod
930 4271 956 4319 in
969 4272 998 4321 S.
