3080 4960
401 416 467 481 740
686 405 860 478 nlsroarn
883 429 1060 478 novnnna.
1191 417 1280 499 [nra.
1299 434 1356 482 111.

401 588 566 672 Iniquum
580 587 617 652 id
633 589 746 653 visum
771 587 902 672 multis,
918 587 1001 671 quia
1019 584 1129 673 (sicut
1145 584 1237 671 dixi)
1255 589 1355 654 nulla

400 689 597 771 suspicione
617 689 771 752 rancoris
794 688 905 750 abeis
923 692 1005 752 ante
1025 687 1152 750 festum
1174 689 1351 752 abscesse-

399 795 468 865 rat,
483 807 545 852 nec
562 788 664 852 modo
679 807 774 852 more
791 787 962 870 majorum
980 787 1169 850 amicitiam
1186 807 1284 850 suam
1300 789 1352 853 eis

399 886 639 965 interdixerat,
650 886 745 970 quod
756 885 935 950 Diffidiare
946 885 1076 950 dicunt.
1112 885 1223 950 Porro
1236 907 1352 952 comes

401 985 607 1065 cestrensis,
633 986 792 1070 quamvis
814 985 956 1069 ancipiti
985 984 1140 1068 periculo
1161 987 1353 1066 involutus,

398 1087 506 1169 probe
525 1093 642 1150 nmen
667 1085 802 1150 castelli
819 1085 999 1167 angustias
1026 1086 1161 1149 evasit:
1195 1105 1266 1149 non
1288 1087 1352 1150 de-

398 1185 480 1250 finio
495 1205 566 1268 qna
580 1184 756 1264 versutia3
783 1185 857 1248 sive
883 1201 1053 1248 consensu
1071 1185 1265 1267 aliquorum
1288 1187 1352 1250 ob·

397 1285 605 1362 sidentium3
641 1285 727 1361 sive,
759 1284 842 1365 quia
870 1283 982 1348 virtus
1014 1283 1229 1365 deprehensa
1260 1284 1351 1349 solet

398 1384 517 1448 multis
542 1384 653 1447 modis
680 1401 847 1467 quaerere,
880 1388 916 1446 et
948 1381 1151 1467 plaernnque
1183 1383 1351 1463 invenire,

397 1483 593 1547 consilium.
646 1481 772 1565 Itaque
795 1501 866 1546 non
882 1488 1069 1546 contentus
1086 1499 1151 1546 sua
1173 1483 1284 1546 solum
1307 1484 1350 1547 li-

397 1581 587 1659 beratione,
604 1579 647 1643 de
662 1581 775 1645 salute
789 1581 907 1644 fratris
924 1587 959 1644 et
970 1581 1103 1658 uxoris,
1114 1600 1202 1663 qnos
1215 1583 1253 1645 in
1269 1602 1346 1646 cas-

398 1670 482 1745 tello
498 1680 698 1763 reliquerat,
720 1680 902 1758 sollicitae,
920 1682 1073 1744 animum
1095 1688 1213 1763 partes
1226 1700 1349 1746 versa·

397 1779 508 1845 batin
525 1798 653 1846 omnes.
706 1777 831 1843 Sanior
853 1780 1026 1844 sententia
1042 1781 1119 1844 visa
1143 1778 1303 1862 flagitare
1325 1801 1348 1845 a

397 1899 518 1945 socero
533 1879 714 1956 auxilium,
731 1879 891 1962 quamvis
906 1879 1040 1944 animos
1055 1879 1131 1962 ejus
1140 1879 1347 1963 jamdudum

397 1979 574 2044 nonnullis
598 1999 643 2042 ex
663 1979 779 2043 causis
801 1977 1011 2056 offendisset,
1035 1980 1187 2043 maxime
1209 1980 1290 2062 quia
1312 1981 1350 2043 in

396 2086 521 2143 neutro
547 2077 656 2142 latere
681 2077 770 2141 fidus
794 2078 968 2142 videretur
993 2097 1081 2142 esse.
1142 2077 1242 2144 Misit
1263 2098 1348 2160 ergo

396 2185 599 2261 perpetuam
621 2195 684 2260 per
703 2177 847 2241 nuncios
866 2184 992 2261 pactus
1014 2176 1218 2242 fidelitatem
1238 2179 1349 2261 impe-

392 2277 526 2354 ratrici,
550 2278 593 2353 si,
618 2283 778 2359 respectu
802 2277 944 2359 pietatis
970 2277 1082 2358 magis
1111 2296 1215 2359 quam
1241 2278 1346 2342 ullius

392 2378 452 2440 sui
479 2376 603 2453 meriti,
630 2375 878 2458 periclitantes,
905 2376 1029 2458 quiin
1056 2376 1142 2460 ipsis
1173 2378 1345 2462 captionis

395 2477 554 2542 faucibus
568 2477 786 2554 tenebantur,
803 2475 971 2556 eximeret
986 2474 1136 2560 injuriae.

412 2668 588 2730 QUOMODO
611 2667 728 2716 OOMES
750 2666 991 2716 GLOBOESTRAE
1015 2665 1205 2714 ROBERTUS
1230 2664 1333 2712 IERl'l'

579 2767 629 2816 AD
652 2767 957 2816 SUOOURRENDUM
981 2765 1155 2814 OBSESSlS.

232 2889 383 2981 {affl}
447 2873 536 2957 §aa
559 2871 643 2938 Non
670 2873 792 2938 habuit
813 2893 928 2939 comes
948 2872 1162 2938 Gloecestrae
1190 2871 1347 2938 difficiles

232 2992 369 3032 manaa·
395 2993 509 3051 aures,
523 2973 765 3055 indignitatem
791 2971 841 3037 rei
864 2992 934 3037 non
957 2973 1091 3052 ferens3
1114 2973 1217 3036 simul
1239 2973 1343 3036 etiam

232 3041 299 3082 ’Μ’
392 3081 563 3156 pertaesus
585 3092 703 3151 morae,
718 3073 801 3156 quia
821 3072 1087 3155 praeclarissima
1101 3072 1215 3154 patria
1237 3091 1345 3136 causa

393 3173 541 3239 duorum
572 3172 746 3238 hominum
774 3171 946 3236 intestinis
975 3171 1108 3254 rapinis
1132 3177 1168 3236 et
1192 3171 1344 3236 caedibus

391 3275 599 3351 vexabatur,
626 3272 749 3336 maluit
765 3269 814 3358 (si
837 3270 934 3334 Dens
961 3267 1193 3354 permisisset)
1213 3290 1285 3334 rem
1306 3270 1344 3334 in

393 3379 568 3438 extremos
594 3371 764 3436 deducere
790 3377 914 3434 casus:
955 3370 1126 3452 Sperabat
1155 3371 1261 3434 etiam
1291 3369 1346 3433 di·

394 3473 514 3536 vinum
542 3472 579 3535 in
609 3471 749 3554 incepto
777 3469 943 3546 favorem,
972 3469 1057 3553 qnia
1089 3489 1152 3533 rex
1178 3489 1345 3551 generum

394 3589 496 3634 suurn
519 3569 623 3634 nullis
649 3569 725 3653 ejus
748 3569 860 3652 culpis
886 3567 1126 3652 injuriaverat,
1151 3568 1258 3632 filiam
1281 3568 1346 3632 ob·

390 3669 541 3746 sidebot,
557 3668 737 3735 ecclesiam
759 3671 872 3734 beatae
882 3668 951 3732 Dei
968 3667 1145 3750 genitricis
1159 3667 1202 3735 de
1214 3665 1345 3732 Lindo·

393 3768 508 3834 colino
533 3769 824 3835 incastellaverat.
877 3767 967 3832 Haec
984 3767 1108 3851 quanti
1132 3767 1226 3850 apud
1248 3787 1346 3834 men·

394 3875 465 3932 tem
486 3870 651 3954 principis
676 3888 752 3933 esse
769 3867 965 3932 debebant?
1018 3865 1144 3931 Nonne
1161 3873 1345 3948 praestaret

393 3969 481 4034 mori
501 3976 536 4034 et
552 3969 702 4052 gloriose
724 3968 936 4045 occumbere,
952 3985 1055 4049 quam
1078 3973 1151 4030 tam
1172 3966 1343 4047 insignem

392 4069 634 4134 contumeliam
652 4067 752 4153 patil
791 4065 991 4132 Ulciscendi
1008 4085 1091 4148 ergo
1108 4084 1215 4130 causa
1228 4065 1344 4130 Deum

391 4175 426 4231 et
451 4187 617 4245 sororem,
640 4167 812 4251 simulque
844 4166 1115 4232 necessitudines
1145 4184 1227 4230 suas
1256 4165 1343 4229 libe·
