3104 4974
339 505 406 570 442
555 517 669 566 cnsrn
692 517 819 565 aucun
843 514 1056 564 Aucconun.
1136 499 1293 580 [urani.

292 745 299 751 ,
342 679 511 762 spicatus,
528 676 692 739 cancellis
707 673 943 758 apostolorum
957 672 1170 754 praefecerat.
1216 672 1293 737 Cir-

342 777 495 842 cumibat
523 795 608 858 ergo
644 795 708 858 pro
739 775 793 838 sui
825 773 984 840 contuitu
1018 771 1121 836 officii
1151 773 1293 855 provin-

343 879 429 952 cias,
443 882 483 939 ut
499 894 681 958 perperam
697 881 778 937 acta
795 873 994 954 corrigeret.
1033 863 1294 937 Accurrebatur
1373 879 1375 882 ’

344 979 388 1040 ab
411 970 582 1040 ¹0mnium
608 974 766 1039 ordinum
791 973 998 1049 bominibus,
1024 971 1216 1037 decisiones
1242 972 1294 1035 di-

344 1095 522 1140 uersorum
539 1075 756 1154 negotiorum
768 1071 1035 1156 postulantibus.
1090 1070 1228 1135 Cuncta
1242 1065 1293 1135 ²ei

344 1175 613 1240 submittebatur
629 1172 796 1237 secularis
812 1172 982 1254 potentia,
996 1178 1071 1236 tum
1088 1190 1152 1253 pro
1166 1173 1295 1236 sancti-

344 1276 442 1351 tatis,
459 1280 534 1336 tum
550 1291 614 1355 pro
628 1271 810 1336 ministerii
825 1271 934 1353 ipsius
951 1271 1156 1336 reverentia.
1195 1271 1293 1335 Unde

346 1373 401 1437 die
431 1373 594 1455 quadam,
624 1392 703 1436 cum
734 1371 837 1436 solito
869 1370 980 1454 major
1011 1364 1294 1452 ³adequitantum

347 1478 440 1536 esset
456 1480 582 1548 turma,
599 1473 707 1536 abbas
724 1471 910 1554 praedictus
931 1471 968 1532 in
985 1476 1141 1534 extremo
1158 1469 1296 1552 agmine

346 1591 425 1634 cum
451 1570 629 1636 monacbis
656 1571 729 1634 suis
755 1571 882 1634 sensim
905 1570 1210 1652 progrediebatur3
1242 1571 1295 1634 vi·

346 1683 455 1753 'soque
478 1671 612 1734 eminus
633 1677 733 1733 tanto
755 1670 822 1734 viri
843 1669 984 1747 bonore,
1006 1669 1099 1752 quod
1122 1675 1175 1732 tot
1199 1689 1297 1732 mun-

347 1769 448 1834 danae
481 1776 673 1851 potestates
711 1775 834 1832 nutum
869 1766 963 1832 illius
1002 1768 1299 1852 praestolarentur,

348 1868 586 1954 hujuscemodi
611 1867 802 1932 sententias
828 1868 1021 1932 ventilabat
1049 1869 1186 1933 animo:
1221 1869 1297 1933 Ho-

347 1969 565 2032 muncioneru
579 1967 681 2033 exilis
693 1974 851 2044 staturae,
865 1965 1086 2049 despicabilis
1098 1970 1297 2050 parentelae,

350 2088 419 2151 quo
437 2068 505 2132 Dei
522 2067 656 2151 judicio
672 2073 726 2131 tot
739 2066 886 2131 divitum
902 2068 1008 2148 sepiri
1023 2066 1218 2132 famulitiol
1242 2076 1299 2132 tu-

349 2187 442 2230 mere
456 2167 554 2230 illum
577 2165 816 2250 proculdubio,
834 2173 869 2230 et
885 2167 999 2230 metiri
1020 2166 1146 2231 altiora
1162 2167 1299 2246 merite,

349 2286 413 2349 pro
429 2273 483 2332 tot
503 2267 803 2331 obambulatorum
825 2267 1004 2348 obsequio.
1055 2265 1130 2330 Vix
1150 2267 1225 2332 baec
1242 2267 1299 2355 (ut

350 2362 443 2450 dixi)
459 2373 574 2430 mente
592 2373 759 2444 versarat,
778 2385 855 2429 cum
877 2365 1151 2444 archidiaconus
1168 2367 1299 2432 reflexo

350 2453 440 2546 equo
457 2472 492 2529 et
510 2465 702 2528 calcaribus
717 2465 836 2542 incito,
854 2466 996 2546 alonge
1013 2466 1167 2531 clamans
1184 2474 1220 2531 et
1236 2469 1298 2531 ab·

349 2566 466 2628 batem
489 2566 678 2641 obuncanS,
695 2564 786 2642 ‘Tu,
808 2564 872 2642 tu,'
894 2563 1056 2651 (inquit,)
1073 2567 1183 2630 ‘male
1205 2569 1299 2649 cogi-

351 2665 446 2741 tasti,
463 2663 552 2728 falso
578 2663 750 2728 infamans
772 2664 917 2749 hujusce
933 2665 1107 2730 duntaxat
1128 2667 1177 2729 rei
1199 2667 1298 2732 inno-

351 2770 506 2827 centem:
530 2764 709 2841 nonenim
731 2763 816 2827 mihi
840 2763 931 2828 banc
956 2764 1114 2846 gloriam,
1137 2765 1167 2828 si
1187 2767 1299 2848 gloria

351 2862 419 2925 dici
445 2868 561 2945 potest
578 2882 656 2945 quae
680 2863 749 2926 cito
772 2864 911 2941 transit,
928 2865 985 2928 vel
1008 2882 1074 2945 ego
1095 2865 1228 2947 imputo
1243 2867 1299 2934 vel

351 2962 396 3026 ab
413 2963 491 3025 aliis
508 2961 672 3044 imputari
686 2963 779 3039 volo,
799 2962 859 3026 sed
882 2964 994 3027 beatis
1016 2965 1195 3046 apostolis,
1212 2987 1298 3049 quo-

348 3079 428 3124 rum
456 3060 638 3125 exhibetur
651 3062 860 3144 privilegio!
898 3062 1056 3127 Suffusus
1077 3065 1137 3129 illa
1157 3066 1299 3149 pudore,

239 3239 242 3244 Ι
350 3181 414 3225 nec
434 3161 618 3244 quicquam
634 3161 781 3226 inficiari
799 3181 918 3240 ausus,
942 3163 1007 3227 boc
1030 3163 1142 3228 solum
1159 3166 1298 3231 retulit:

353 3260 517 3339 ‘Quaeso
533 3261 681 3338 domine,
699 3262 871 3343 quomodo
896 3263 988 3326 nosti
1013 3265 1203 3345 cogitatum
1228 3287 1299 3330 me-

352 3379 423 3438 um,
449 3380 551 3442 quem
574 3361 662 3424 nulli
686 3362 981 3426 communicavil’
1032 3361 1113 3428 ‘Ab
1130 3367 1200 3429 ore'
1214 3361 1299 3452 (ait)

351 3463 444 3535 ‘tu0,
460 3461 560 3541 quasi
575 3480 636 3542 per
653 3459 801 3538 fistulas,
821 3460 864 3525 ad
881 3481 982 3525 aures
999 3482 1093 3527 meas
1110 3467 1223 3529 omnis
1239 3466 1301 3528 illa

349 3559 516 3639 cogitatio
530 3558 679 3623 deducta
695 3561 773 3624 est.'

273 3733 275 3737 ⁸
403 3657 510 3741 §264
535 3657 625 3722 Item
640 3659 676 3722 in
693 3659 813 3722 eadem
835 3659 1014 3742 provincia
1035 3661 1216 3725 ecclesiam
1243 3681 1301 3724 ur-

351 3758 478 3821 banam
501 3759 661 3838 ingressi,
679 3765 759 3822 ante
776 3777 873 3822 aram
895 3760 1104 3824 continuatis
1121 3768 1156 3824 et
1167 3761 1300 3844 junctis

350 3857 517 3921 lateribus
541 3875 579 3921 se
610 3866 882 3940 prostraverant.
934 3859 978 3922 In
1006 3860 1152 3924 multam
1182 3860 1302 3925 horam

348 4115 352 4122 ·
389 4096 548 4162 [onmium]
567 4100 597 4149 C.
614 4098 650 4149 D.
670 4099 720 4160 E.;
736 4099 815 4149 omni·
838 4097 872 4148 A.
890 4099 919 4149 S.
939 4101 970 4150 (ἶ.
987 4099 1022 4150 D.
1044 4100 1075 4150 Ε.
1093 4100 1164 4163 Ll.;
1186 4103 1223 4152 eis
1245 4106 1305 4154 sub-

387 4304 398 4334 ²
413 4307 448 4355 Ei
467 4307 655 4357 submittebatur
674 4309 813 4372 ocularia]
837 4255 1011 4374 equitandum,
1022 4309 1055 4360 A.
1068 4274 1097 4361 S:
1111 4312 1140 4361 C.
1153 4276 1184 4362 L.
1214 4278 1238 4304 .,
1289 4273 1301 4288 ι
