3080 4960
215 519 378 602 maun]
505 535 680 584 merosus
702 534 881 584 Novacum
1099 521 1165 586 745

213 691 352 755 ritatem
379 691 528 774 posteris
555 696 630 756 ‘no'n
657 693 805 773 negabo.
857 691 1006 774 Egregie
1035 693 1163 776 quippe¹

212 791 363 867 memini,
391 792 468 872 ipsa
492 791 558 868 dic,
584 799 665 874 post
687 793 834 856 recitata
859 793 990 873 scripta
1016 811 1162 856 excusa«

214 891 305 953 toria
321 890 445 971 quibus
463 891 655 955 absentiam
671 910 769 955 suam
784 891 924 973 quidam
942 891 1048 955 tutati
1067 899 1160 970 sunt,

212 989 390 1052 sevocavit
408 990 445 1052 in
459 997 593 1072 partem
610 991 746 1072 legatus
763 992 957 1073 episcopos,
970 990 1160 1073 habuitque

212 1108 290 1151 cum
305 1088 354 1151 eis
366 1107 529 1152 arcanum
545 1090 680 1154 consilii
696 1091 772 1169 sui;
791 1084 798 1120 ¹
807 1097 887 1172 post
904 1109 986 1155 mox
1003 1091 1159 1169 abbates,

211 1194 386 1268 postremo
418 1188 651 1252 archidiaconi
683 1190 875 1254 convocati.
928 1189 984 1252 Ex
1013 1189 1159 1253 consilio

211 1287 297 1350 nihil
320 1287 489 1368 processit
510 1288 547 1349 in
570 1288 765 1369 publicum3
789 1288 1014 1352 volutabatur
1040 1295 1157 1352 tamen

209 1404 272 1467 per
288 1386 440 1449 omnium
453 1392 586 1450 mentes
602 1393 637 1450 et
655 1406 716 1451 ora
731 1387 814 1469 quid
830 1387 920 1452 foret
935 1386 1118 1468 agendum.
1150 1395 1155 1406 ‘

208 1571 383 1630 QUOMODO
406 1573 570 1621 neamus
593 1574 754 1621 DEBl'l'AM
779 1575 823 1619 ΕΤ
842 1573 1046 1621 hacmMAM
1070 1574 1155 1622 SUO·

257 1669 457 1719 OESSIONEM
492 1672 754 1720 IMPERATRlClS
792 1673 831 1720 ΙΝ
869 1673 1023 1721 REGNUM
1064 1674 1155 1722 COM-

257 1769 507 1818 MENDAVERl'l'·

259 1875 341 1959 §44
359 1878 462 1942 Faria
478 1880 580 1944 tertia
595 1880 660 1944 hoc
678 1880 749 1944 fere
763 1899 866 1944 sensu
880 1880 989 1962 legati
1000 1881 1153 1947 cucurrit
1164 1896 1302 1997 Argum

207 1977 339 2040 oratio:
365 1977 598 2060 ‘Dignatione
619 1999 721 2062 papae
745 2000 783 2044 se
798 1981 891 2044 vices
920 1980 996 2062 ejus
1022 1981 1059 2042 in
1078 1978 1152 2043 An·
1137 1958 1251 2046 -ιιιωῗῖ

206 2075 279 2156 glia
290 2083 428 2140 tenere·
420 2079 590 2161 ,ideoque
603 2099 665 2161 per
679 2079 754 2162 ejus
768 2079 1009 2144 auctoritatem
1023 2080 1152 2144 clerum

205 2172 344 2255 Angliae
371 2177 416 2240 ad
447 2178 513 2242 hoc
543 2178 724 2241 concilium
753 2185 1013 2259 congregatum,
1044 2186 1083 2242 ut
1109 2178 1152 2242 de

204 2293 290 2354 pace
309 2277 444 2356 patriae,
461 2296 538 2359 quae
553 2277 676 2358 grandi
689 2279 842 2360 periculo
865 2275 1150 2359 naufragabatur,-

204 2375 442 2438 consuleretur
466 2377 503 2439 in
527 2376 688 2440 medium.
740 2377 911 2458 Tempore
938 2377 1030 2458 regis
1051 2377 1151 2441 Hen-

205 2473 268 2535 rici
293 2474 456 2537 avunculi
481 2475 536 2538 sui
560 2477 737 2559 singulare
761 2476 972 2540 domicilium
994 2477 1091 2558 pacis
1113 2477 1150 2539 in

152 2637 157 2644 ,
204 2569 335 2652 Anglia
360 2572 486 2653 fuisse;
509 2575 561 2638 ita
578 2571 633 2652 ut,
652 2595 714 2658 per
730 2575 964 2651 vivacitatem,
986 2576 1151 2639 animosi·

204 2676 323 2748 tatem,
343 2673 548 2736 industriam
571 2674 725 2758 ejusdem
745 2674 1055 2758 praecellentissimi
1070 2675 1148 2752 viri,

203 2788 273 2834 non
298 2771 409 2836 solum
434 2772 617 2855 indigena,
645 2774 881 2857 cujuscunque
907 2775 1073 2856 potentiae
1092 2775 1149 2839 vel

203 2867 383 2950 dignitatis
416 2880 542 2949 essent,
574 2874 659 2937 nihil
695 2874 834 2938 turbare
875 2874 1054 2949 auderent,
1087 2873 1149 2940 sed

202 2969 308 3032 etiam
333 2970 410 3053 ejus
432 2972 591 3053 exemplo
615 2973 751 3036 finitimi
773 2973 969 3053 quicunque
991 2991 1090 3053 reges
1113 2979 1149 3037 et

203 3069 375 3149 principes
402 3069 439 3130 in
461 3070 571 3132 otium
594 3077 630 3133 et
650 3071 718 3152 ipsi
741 3070 979 3147 concederent,
1006 3077 1042 3133 et
1066 3072 1148 3134 sub-

198 3165 313 3248 jectos
327 3166 383 3230 vol
405 3167 594 3232 invitarent
615 3169 671 3232 vel
685 3163 959 3250 ²compellerent.
1010 3167 1081 3246 Qui
1096 3170 1148 3232 vi·

203 3263 328 3328 delicet
351 3284 426 3342 rex,
450 3267 626 3330 nonnullis
656 3274 737 3331 ante
765 3267 896 3330 obitum
914 3261 1036 3344 ¹annis,
1066 3267 1149 3331 filiae

104 3365 115 3383 ‘
202 3382 275 3426 suae
300 3364 476 3446 quondam
498 3365 709 3447 imperatrici
724 3365 820 3452 (quae
846 3365 922 3430 sola
944 3366 1010 3431 sibi
1031 3365 1147 3448 proles

202 3481 247 3526 cx
257 3462 466 3545 desponsata
482 3465 657 3546 quondam
669 3467 818 3549 conjuge
832 3461 1029 3548 supererat)
1046 3485 1149 3534 omne

202 3581 348 3642 regnum
370 3561 521 3644 Angliae,
539 3565 642 3628 simul
668 3572 703 3628 et
723 3565 887 3628 ducatum
908 3564 1147 3641 Normanniae,

196 3660 309 3742 jurari
334 3664 379 3725 ab
393 3664 555 3727 omnibns
575 3663 746 3746 episcopis
768 3664 940 3745 simulque
959 3664 1148 3728 baronibus

203 3759 334 3837 secerit,
364 3762 618 3827 si'successore
639 3763 792 3826 masculo
815 3762 859 3826 eir
881 3762 954 3839 illa,
976 3782 1080 3844 quam
1103 3783 1149 3826 ex

203 3857 432 3941 lotharingia
454 3860 613 3938 duxerat,
630 3881 741 3926 uxore
763 3868 915 3925 careret·
959 3859 1005 3926 Et
1024 3861 1149 3925 invidit

200 3955 350 4043 (inquit)
368 3966 471 4023 atrox
487 3960 626 4025 fortuna
643 3961 960 4043 praecellentissimo
975 3961 1147 4024 avuncule

236 4224 340 4292 ¹Poet.]
358 4230 411 4291 Ε.;
427 4231 531 4280 omitted
545 4231 571 4280 in
584 4232 613 4283 S.
625 4231 660 4282 D.
723 4229 733 4262 ²
748 4233 942 4296 Compellereot]
967 4234 1017 4294 Ε.;
1037 4233 1149 4295 impelle·

198 4295 254 4346 Η.
688 4306 752 4364 rent,
763 4303 792 4352 S.
805 4303 840 4353 D.
852 4303 875 4350 L
883 4306 908 4353 2.
