3148 4982
411 510 477 580 494
608 526 739 614 ‚quera
763 527 890 575 aucun
913 525 1128 573 anononuu.
1210 511 1363 592 [univ.

411 687 494 743 tunc
518 688 699 762 satagente
726 681 882 746 Roberto
909 681 1045 758 comite,
1071 681 1132 763 qui
1158 681 1360 748 familiarem

406 779 480 861 jam
508 779 637 843 dudum
670 779 761 862 apud
797 781 955 845 Scottum
988 780 1166 845 locaverat
1198 783 1359 862 gratiam,

409 878 500 942 inter
517 878 742 943 Malcolmum
765 886 800 943 et
813 879 1025 943 Willelmum
1045 881 1230 944 concordia
1248 882 1357 948 inita:

408 984 635 1058 veruntamen
661 978 779 1041 multis
809 979 1052 1042 controversiis
1080 980 1265 1060 utrobique
1296 981 1358 1044 ha-

408 1076 502 1152 bitis,
521 1083 557 1140 et
574 1075 765 1140 fluctuante
786 1083 928 1159 propter
947 1084 1172 1159 utrorumque
1196 1080 1357 1143 animosi-

407 1181 515 1237 tatem
534 1175 686 1258 justitia,
710 1174 918 1239 Malcolmus
938 1176 1030 1239 ultro
1045 1175 1283 1240 Gloecestram
1299 1199 1357 1242 vo-

407 1271 472 1349 nit,
498 1274 607 1355 aequis
639 1273 815 1338 duntaxat
838 1275 1106 1351 conditionibus,
1130 1275 1260 1339 multus
1292 1297 1356 1358 pro

407 1389 493 1453 pace
506 1365 700 1454 ¹precator3
724 1394 787 1437 nec
804 1373 988 1456 quicquam
1005 1374 1167 1451 obtinuit,
1185 1375 1251 1438 nisi
1266 1377 1354 1439 utin

406 1489 551 1552 regnum
574 1471 744 1534 indemnis
759 1465 917 1549 ²rediret,
939 1472 1148 1554 dedignante
1173 1491 1254 1554 rege
1275 1474 1356 1538 dolo

407 1588 530 1650 capere
544 1590 646 1652 quem
659 1572 788 1634 virtute
813 1571 1017 1652 subegisset.
1059 1571 1226 1652 Idemque
1246 1592 1354 1654 prox-

406 1667 476 1731 ima
490 1669 624 1751 hyeme,
643 1671 687 1734 ab
709 1669 904 1733 hominibus
920 1669 1065 1733 Roberti
1088 1671 1223 1733 comitis
1239 1669 1353 1733 Hum-

405 1768 591 1845 brensium,
619 1768 873 1850 magistrando
897 1787 1002 1850 quam
1027 1769 1158 1833 viribus
1181 1771 1352 1833 occubuit.

299 1887 329 1916 un
347 1887 359 1916 ⁰
407 1864 517 1949 Cujus
533 1868 693 1930 interitus
716 1874 859 1949 accepto
880 1867 1018 1944 nuncio,
1032 1885 1122 1930 uxor
1138 1867 1353 1948 Margareta,

257 1937 361 2063 unffi}
405 1965 630 2047 eleemosynis
643 1973 680 2029 et
694 1965 861 2048 pudicitia
880 1966 1039 2047 insignis,
1054 1965 1234 2029 fastidiens
1249 1966 1352 2049 hujus

272 2036 319 2066 Μ’
404 2063 491 2128 lucis
520 2084 664 2141 moram,
692 2071 837 2127 mortem
867 2065 1022 2146 precario
1055 2065 1174 2145 exegit
1204 2083 1226 2127 a
1252 2065 1352 2129 Deo:

404 2165 507 2226 ambo
523 2163 619 2227 cultu
635 2162 775 2244 pietatis
789 2163 953 2244 insignes
964 2162 1025 2226 illa
1034 2164 1217 2245 praecipue.
1242 2162 1352 2227 Nam-

404 2281 471 2343 que
494 2268 569 2325 toto
583 2261 666 2326 vitae
685 2269 844 2344 tempore
860 2262 987 2343 viginti
1005 2268 1155 2343 quatuor
1181 2280 1351 2343 pauperes

402 2360 565 2442 habebat,
582 2349 784 2442 ubicunque
807 2361 961 2424 locorum
984 2366 1071 2437 erat,
1098 2378 1185 2441 quos
1209 2361 1294 2423 cibis
1317 2368 1352 2425 et

402 2459 557 2523 vestibus
581 2457 768 2522 reficiebat.
820 2459 1005 2535 Caeterum,
1033 2458 1249 2522 sacerdotum
1271 2478 1351 2523 can·
1377 2491 1380 2496 2

402 2563 475 2620 tum
501 2558 537 2620 in
568 2556 843 2638 Quadragesima
873 2558 1100 2640 praeveniens,
1134 2558 1293 2620 noctibus
1314 2559 1351 2620 in

401 2656 531 2738 templo
553 2657 761 2733 excubabat,
782 2657 977 2738 triplicibus
999 2656 1179 2718 matutinis
1199 2657 1277 2737 ipsa
1298 2657 1351 2719 in-

400 2755 538 2832 sistens
554 2753 597 2819 de
613 2755 798 2832 Trinitate,
814 2754 857 2818 de
873 2753 996 2831 cruce,
1011 2754 1054 2817 de
1075 2761 1197 2818 sancta
1213 2753 1348 2833 Maria3

401 2852 480 2915 inde
508 2853 721 2935 psalterium,
749 2873 826 2916 cnm
857 2852 1043 2935 lachrymis
1075 2859 1206 2916 vestem
1233 2852 1349 2915 infun·

281 3019 285 3026 ,
401 2951 573 3028 dentibus,
595 2958 717 3033 pectus
739 2952 1021 3015 succutientibus.
1073 2950 1219 3032 Templo
1235 2951 1349 3032 digre-

400 3048 497 3113 diens
513 3051 678 3132 pascebat
693 3069 875 3132 pauperes,
891 3051 1001 3132 primo
1019 3055 1101 3126 treS,
1114 3068 1197 3112 mox
1212 3069 1348 3126 novem,

400 3146 479 3211 inde
505 3149 631 3230 viginti
657 3156 818 3229 quatuor,
844 3154 1240 3230 postremotrecentos3
1271 3149 1349 3230 ipsa
1475 3227 1478 3232 ⁸

399 3266 478 3310 cum
492 3267 573 3329 rege
588 3248 767 3324 assistens
782 3254 817 3311 et
833 3249 992 3310 manibus
1012 3264 1137 3326 aquam
1154 3246 1347 3310 infundens
1429 3235 1431 3238 ⁵

399 3345 597 3427 Eadgarum
618 3344 727 3409 filium
749 3346 837 3429 ejuS,
851 3345 1035 3427 expulsum
1059 3363 1081 3407 a
1102 3350 1240 3426 patruo,
1258 3345 1348 3409 Wil·
1401 3350 1407 3361 '

397 3439 525 3507 lelmus'
545 3444 747 3508 reformavit
774 3444 874 3521 solio,
906 3439 1049 3524 egregia
1074 3443 1178 3525 plane
1207 3450 1243 3526 et
1269 3463 1347 3524 quae
1460 3455 1462 3460 '

399 3547 534 3604 tantum
557 3542 670 3607 virum
694 3543 838 3606 decebat
868 3543 1010 3624 pietate,
1040 3547 1092 3616 ut,
1124 3548 1347 3622 paternarum

395 3638 600 3724 injuriarum
617 3641 806 3717 immemor,
822 3641 930 3704 filium
944 3639 1133 3721 supplicem
1148 3641 1348 3704 restitueret

234 3847 346 3887 curma
396 3758 561 3921 ming-12·
583 3836 788 3901 Excellebat
812 3837 848 3900 in
870 3854 911 3899 eo
938 3837 1219 3917 magnanimitas,
1241 3854 1344 3918 quam
1553 3757 1557 3864 4

232 3897 375 3988 ffbfflf‘
394 3935 468 4016 ipse
483 3954 647 4019 processu
663 3936 828 4017 temporis
854 3935 961 3997 nimia
986 3937 1170 3999 severitate
1187 3934 1347 3998 obfusca-

425 4204 434 4235 ¹
446 4205 585 4268 Procoeton]
597 4204 630 4255 A.
643 4206 675 4255 D.
687 4206 719 4254 E.
732 4205 764 4254 1..
775 4221 782 4265 ;
793 4219 852 4266 pec·
912 4199 1059 4267 metiret]
1077 4203 1110 4253 A.
1124 4204 1159 4252 D.
1176 4205 1208 4254 E.
1222 4205 1271 4264 1..;
1289 4205 1344 4253 abi-

389 4280 468 4338 cator,
479 4275 508 4324 S.
521 4277 551 4323 0.
877 4277 925 4334 ret,
936 4272 964 4322 S.
978 4275 1008 4322 0.
