3152 4970
390 461 457 527 708
630 487 634 494 ·
681 476 855 526 nrsrorun
877 468 1053 523 rovnnnn.
1213 461 1341 542 [n1n.1.

391 636 626 719 possessiones
648 643 684 700 et
706 641 860 712 tenuras,
876 652 964 716 quas
985 633 1041 697 die
1061 633 1122 698 illa
1146 633 1342 698 habuerunt

391 754 461 819 qun
475 735 672 800 Willelmus
689 754 752 798 rex
767 753 855 798 avus
879 751 976 797 meus
997 733 1064 797 fuit
1079 732 1181 798 vivus
1196 740 1232 797 et
1248 752 1340 796 mor-

391 840 485 911 tuus,
507 835 581 898 sine
605 834 758 898 omnium
777 831 1062 896 calumniantium
1085 832 1342 910 reclamatione,

391 933 441 996 eis
466 933 593 996 liberas
621 940 657 997 et
680 932 859 997 absolutas
887 949 962 995 esse
988 932 1150 996 concedo.
1202 931 1340 1014 Siquid

390 1050 473 1095 vero
489 1032 533 1096 de
546 1033 674 1096 habitis
696 1039 758 1095 aut
773 1031 942 1113 possessis
964 1037 1046 1094 ante
1068 1033 1213 1096 mortem¹
1235 1030 1340 1111 regia

391 1131 516 1213 quibus
529 1130 632 1195 modo
653 1137 783 1207 careat,
798 1129 944 1194 ecclesia
966 1129 1128 1212 deinceps
1150 1130 1339 1212 repetierit,

390 1229 616 1312 indulgentiae
649 1237 686 1294 et
715 1228 965 1312 dispensationi
992 1247 1078 1293 meae
1106 1229 1161 1294 vel
1193 1229 1338 1292 discuti-

391 1329 516 1394 endum
541 1331 599 1395 vel
623 1328 875 1394 restituendum
900 1346 1051 1392 reservo.
1112 1327 1339 1410 Quaecunque

390 1447 474 1493 vero
488 1435 724 1510 postmortem
737 1427 841 1509 regis,
857 1426 1065 1490 liberalitate
1084 1445 1217 1509 regum,
1231 1427 1338 1508 largi·

390 1526 485 1592 tione
509 1527 716 1609 principum,
735 1525 910 1590 oblatione
932 1525 990 1589 vel
1011 1527 1266 1608 comparatione
1280 1527 1338 1591 vel

390 1625 546 1707 qualibet
565 1625 854 1690 transmutatione
885 1625 1050 1702 fidelium,
1082 1625 1211 1689 collata
1242 1632 1336 1703 sunt,

391 1725 556 1790 confirmo
578 1744 699 1809 pacem
715 1745 770 1788 me
795 1732 832 1789 et
842 1723 1017 1807 justitiam
1032 1723 1069 1788 in
1086 1723 1243 1788 omnibus
1264 1724 1336 1788 fuc-

391 1830 519 1902 turum,
549 1832 585 1889 et
614 1843 678 1907 pro
706 1843 808 1907 posse
836 1842 914 1887 meo
937 1828 1233 1900 conservaturum,
1255 1843 1336 1906 pro-

391 1923 501 1987 mitto.
556 1923 719 1988 Forestas
734 1941 822 2006 quas
836 1921 1033 1987 Willelmus
1050 1941 1113 1986 rex
1125 1941 1212 1986 avus
1227 1941 1336 2000 meus,

391 2029 427 2086 et
451 2022 650 2087 Willelmus
674 2022 845 2086 secundus
873 2020 1064 2085 avunculus
1096 2040 1207 2098 meus,
1236 2021 1337 2086 insti-

390 2128 532 2187 tuerunt
547 2129 584 2187 et
596 2128 794 2198 tenuerunt,
813 2120 897 2184 mihi
912 2139 1069 2184 reservo:
1094 2126 1239 2184 caeteras
1265 2141 1337 2184 om-

390 2239 464 2298 nes,
480 2240 568 2304 quas
586 2220 762 2286 Henricus
784 2238 847 2282 rex
861 2218 1110 2300 superaddidit,
1127 2220 1282 2283 ecclesiis
1302 2228 1338 2285 et

390 2339 498 2402 regno
515 2319 652 2402 quietas
674 2319 780 2383 reddo
797 2325 833 2382 et
849 2317 1011 2383 concedo.
1062 2317 1100 2382 Si
1121 2317 1199 2400 quis
1222 2326 1337 2383 autem

391 2420 573 2502 episcopus
604 2419 662 2484 vel
692 2418 811 2494 abbas,
838 2416 894 2482 vel
925 2410 1030 2481 'alius
1068 2417 1336 2497 ecclesiasticus,

389 2511 489 2582 'ante
502 2524 645 2582 mortem
663 2536 761 2581 suam
776 2516 1027 2581 rationabiliter
1037 2535 1101 2580 sua
1112 2517 1337 2596 distribuerit,

389 2617 445 2682 vel
467 2617 704 2681 distribuenda
727 2616 901 2694 statuerit,
927 2616 1063 2680 firmum
1092 2635 1232 2681 manere
1253 2638 1336 2683 con-

388 2716 493 2780 cedo:
517 2717 645 2781 sivero
661 2722 772 2779 morte
787 2723 1050 2797 proeoccupatus
1065 2715 1180 2796 fuerit,
1195 2736 1258 2798 pro
1278 2736 1334 2781 sa·

388 2815 460 2879 lute
476 2815 601 2878 animoe
619 2814 694 2898 ejus
716 2814 871 2878 ecclesiae
886 2814 1031 2880 oonsilio
1045 2815 1164 2878 eadem
1186 2816 1249 2879 fiat
1262 2815 1334 2879 dis·

387 2915 543 2979 tributio.
595 2913 689 2977 Dum
701 2932 784 2978 vero
800 2913 900 2978 sedes
913 2913 1062 2996 propriis
1074 2913 1204 2978 fuerint
1217 2922 1336 2996 pasto-

386 3014 482 3079 ribus
499 3032 633 3093 vaouae‚
652 3020 689 3079 et
710 3012 797 3097 ipsae
824 3021 860 3078 et
883 3030 1001 3080 omnes
1027 3031 1146 3077 earum
1167 3015 1335 3097 possessi·

422 3335 516 3389 ¹Aliaa
525 3331 723 3406 ecclesiastica]
737 3338 786 3397 E.;
797 3337 849 3386 alia
874 3337 925 3384 and
937 3336 1023 3400 silver,
1032 3351 1100 3386 were
1118 3337 1245 3399 conveyed
1255 3342 1282 3387 to
1293 3338 1335 3388 the

385 3409 559 3459 ecclesiastica
579 3423 696 3472 persona,
718 3408 747 3458 S.
765 3408 796 3458 C.
813 3407 849 3458 D.
873 3407 1025 3468 exobequer.
1041 3406 1137 3468 Anglii
1146 3407 1234 3468 Sacra,
1242 3421 1270 3457 ιι.
1277 3412 1335 3459 698.

385 3477 440 3528 La.
873 3477 1020 3526 Sometimes
1038 3491 1101 3525 eren
1118 3477 1188 3525 what
1204 3477 1255 3526 bad
1272 3479 1335 3527 been

873 3545 1025 3595 distributed
1041 3561 1074 3595 on
1093 3559 1110 3594 a
1126 3545 1264 3595 death-bed
1280 3563 1335 3598 was

420 3611 508 3680 ’Ante
518 3615 639 3678 mortem]
656 3613 698 3664 ‘lt
715 3614 766 3664 had
784 3615 848 3664 been
872 3615 1009 3664 reclaimed
1027 3615 1066 3664 ior
1075 3614 1118 3664 the
1133 3615 1205 3677 king.
1221 3617 1288 3666 Vide
1299 3617 1334 3668 G.

385 3683 428 3733 the
439 3685 550 3745 practice
561 3689 588 3733 to
598 3685 665 3734 seire
676 3683 849 3747 totheking's
873 3684 959 3734 Neub.
977 3698 1019 3735 ιιι.
1037 3681 1071 3735 6!
1092 3683 1211 3750 (Sharpe,
1228 3684 1335 3750 568.)-

384 3768 432 3803 use
453 3753 583 3804 whatever
607 3759 725 3816 property
744 3754 848 3804 ecclesi·
871 3753 934 3803 'l'his
945 3754 1096 3816 praetiosos
1108 3755 1206 3817 seizing
1218 3755 1261 3804 the
1277 3772 1336 3817 pro·

385 3825 463 3874 astice
479 3825 525 3874 lest
540 3824 634 3874 behind
645 3824 721 3873 them.
758 3824 848 3885 Henry
872 3829 946 3884 perty
966 3824 996 3873 oi
1022 3824 1194 3874 ecclesiastice
1221 3829 1248 3874 at
1269 3825 1336 3875 their

385 3895 414 3943 oi
433 3894 601 3957 Huntingdon
623 3895 724 3954 relatas,
742 3894 798 3943 that
815 3908 847 3943 on
870 3893 948 3943 death
958 3907 1040 3943 seems
1047 3894 1335 3956 subsequentlytohave

384 3963 427 4013 the
449 3964 526 4014 death
548 3964 577 4013 oi
596 3963 697 4014 Gilbert
718 3963 761 4012 the
783 3964 848 4012 Uni·
872 3964 963 4012 settled
978 3963 1054 4013 down
1070 3963 1334 4014 intoaclaimonthe

384 4035 477 4096 versui,
498 4034 590 4095 bishop
612 4033 641 4082 oi
659 4033 773 4094 london,
788 4033 847 4082 who
871 4037 928 4094 part
937 4033 966 4082 oi
979 4033 1022 4082 the
1038 4032 1102 4094 king
1117 4032 1147 4081 os
1158 4032 1201 4082 the
1218 4049 1267 4096 cup
1283 4035 1334 4084 and

384 4119 439 4154 was
457 4103 614 4153 remarkable
630 4101 720 4152 sorbis
737 4102 847 4166 avarice,
870 4103 969 4164 palfrey
989 4102 1020 4150 os
1038 4116 1054 4150 a
1081 4101 1206 4151 deceased
1233 4103 1334 4166 bishop,

384 4173 420 4222 all
441 4174 482 4223 his
503 4175 598 4235 effecte,
619 4173 670 4222 and
692 4186 783 4233 among
803 4173 846 4222 the
870 4173 947 4234 prior,
955 4171 1005 4221 and
1012 4173 1096 4221 abbot.
1108 4170 1168 4236 (See
1177 4172 1234 4221 Rot.
1243 4172 1333 4224 Claus.

384 4247 436 4292 rest
445 4243 486 4294 bis
497 4245 568 4294 boots
579 4242 706 4293 crammed
713 4242 775 4292 with
787 4241 846 4305 gold
871 4245 903 4291 89
914 4242 982 4293 Han.
994 4242 1047 4294 111.
1059 4257 1093 4293 m.
1105 4245 1146 4305 ll,
1156 4243 1183 4291 in
1194 4241 1289 4309 dorso.)
