3140 4974
395 502 460 566 570
610 516 724 564 ersus
748 515 875 564 nucum
898 515 1113 564 uucnouuu.
1197 503 1350 583 [marr.

238 694 309 735 satu
318 693 385 732 oru-
397 675 456 737 diu
478 679 664 754 conceptas
687 674 724 735 in
751 673 905 736 Francos
919 635 996 756 iras
1020 673 1229 753 parturiens„
1253 672 1348 736 misit

238 746 304 784 Μ’
399 773 522 836 ducem
549 771 683 834 militiae
706 773 767 854 qui
792 790 851 834 eos
877 770 920 833 de
943 790 1064 851 reguo,
1088 777 1128 833 ut
1150 771 1344 850 dictitabat,

402 890 467 935 suo
480 865 711 952 ¹propelleret.
751 870 831 946 Ille,
841 876 1016 951 praecepta
1027 877 1206 932 maturans
1218 872 1350 948 munia,

403 989 482 1034 cum
514 968 670 1032 audisset
703 977 840 1051 captam
872 968 1074 1044 Ierusalem,
1108 967 1232 1050 majori
1265 989 1350 1033 cura

403 1069 598 1132 stimulavit
621 1069 811 1148 negotium,
833 1085 1032 1149 quanquam
1057 1074 1138 1130 ante
1161 1066 1246 1130 nihil
1270 1087 1349 1149 seg·

404 1168 502 1230 nitiei
530 1166 736 1230 admisisset.
789 1166 943 1248 Eratque
973 1167 1123 1230 barbaro
1150 1167 1285 1228 animus
1308 1175 1348 1230 ut

403 1265 621 1330 Christianos
639 1266 675 1328 in
691 1265 881 1328 Ierusalem
902 1263 1096 1341 obsideret;
1116 1272 1162 1340 et,
1180 1272 1261 1346 post
1276 1266 1348 1329 vic·

405 1365 530 1428 teriam
556 1383 658 1445 quam
680 1365 755 1447 Jam
780 1371 895 1426 mente
922 1363 1118 1426 somniabat
1143 1363 1232 1427 falso
1261 1383 1349 1445 prae-

405 1482 523 1544 sagus,
541 1461 760 1544 sepulchrum
779 1462 920 1525 Domini
943 1481 964 1524 a
986 1460 1093 1524 fundo
1115 1470 1251 1524 erutum
1265 1462 1348 1526 dila·

406 1561 550 1644 pidaret.
591 1560 727 1637 Nostri,
744 1562 803 1643 qui
821 1561 905 1623 nihil
918 1560 1030 1623 minus
1044 1560 1229 1641 diligerent
1244 1580 1347 1643 quam

406 1660 590 1723 obsidiales
616 1678 787 1723 aerumnas
817 1659 931 1722 denuo
955 1653 1119 1741 ²perpeti,
1144 1667 1284 1741 sumpta
1305 1679 1351 1722 ex

406 1758 474 1822 Dei
497 1765 597 1840 parte
625 1758 784 1834 audacia,
811 1778 856 1822 ex
882 1759 967 1821 urbe
994 1777 1115 1821 versus
1141 1756 1348 1821 Ascalonem

406 1857 588 1938 prodeunt,
602 1857 706 1920 obvia
721 1856 877 1921 hostibus
891 1857 1076 1920 inferentes
1093 1863 1253 1938 pectora;
1271 1876 1350 1938 por·

406 1957 596 2038 tabantque
617 1974 734 2019 secum
760 1963 894 2038 partem
922 1955 1097 2020 Dominici
1122 1954 1221 2036 ligni,
1245 1975 1350 2038 quam

406 2055 546 2136 quidam
568 2054 676 2137 Syrus
703 2055 789 2119 civis
815 2054 1123 2136 lerosolymitanus
1151 2056 1247 2119 avita
1271 2074 1350 2118 suc-

405 2155 560 2218 cessione
583 2153 676 2217 domi
704 2153 911 2217 custoditam
942 2154 1197 2235 propalaverat.
1250 2153 1351 2217 Felix

406 2253 511 2334 plane
536 2261 572 2316 et
596 2252 696 2317 fidele
719 2253 862 2329 furtum,
890 2259 929 2315 ut
951 2259 1026 2316 toto
1051 2260 1207 2334 tempore
1226 2253 1351 2316 Turcis

406 2353 578 2416 celaretur
604 2353 828 2435 mysterium!
882 2351 1065 2432 Ingentem
1087 2371 1171 2432 ergo
1198 2351 1351 2435 praedam

407 2470 568 2532 pecorum
600 2459 635 2514 et
666 2452 834 2533 pecudum
864 2444 981 2514 ³secus
1007 2449 1215 2514 Ascalonem
1247 2451 1351 2529 nacti,

407 2550 567 2629 generale
588 2557 842 2631 proposuerunt
863 2550 1012 2613 edictum
1034 2559 1074 2613 ut
1091 2550 1207 2614 omnia
1228 2551 1265 2612 in
1289 2569 1351 2632 pa·

407 2648 491 2712 tulis
512 2649 645 2729 campis
667 2649 911 2730 relinquerent,
928 2669 971 2711 ne
992 2656 1131 2731 postero
1148 2668 1248 2712 mane
1263 2669 1351 2731 pug-

407 2748 541 2810 naturis
570 2747 814 2828 impedimento
841 2747 975 2811 forent:
1004 2749 1090 2812 satis
1117 2768 1288 2831 superque
1312 2768 1351 2811 se

406 2845 559 2926 praedam
585 2845 764 2909 habituros
788 2848 817 2911 si
830 2847 1018 2924 vincerent,
1039 2846 1350 2929 dummodoexpe·

407 2943 470 3008 diti
488 2945 622 3008 divinas
637 2947 884 3009 ulciscerentur
898 2946 1054 3029 injurias
1108 2946 1232 3029 Itaque
1250 2965 1350 3010 mane

401 3043 476 3126 jam
507 3045 661 3109 exercitu
683 3039 904 3127 *prodeunte
927 3045 1074 3122 videres,
1097 3065 1223 3127 supero
1246 3045 1348 3109 credo

404 3129 583 3220 instinctu,
609 3146 769 3208 cornibus
792 3146 914 3208 erectis
945 3164 1071 3226 pecora
1094 3145 1259 3208 lateribus
1286 3146 1349 3208 mi-

404 3241 503 3306 litum
519 3245 789 3320 obambulantia,
807 3262 869 3307 nec
891 3244 963 3307 ulla
983 3263 1085 3325 posse
1106 3245 1198 3326 abigi
1218 3244 1348 3308 violen-

404 3342 472 3406 tia:
497 3342 590 3423 quod
616 3345 748 3407 eminus
765 3342 881 3406 hostes
907 3343 1037 3418 intuiti,
1052 3350 1087 3406 et
1102 3342 1272 3407 solaribus
1294 3363 1349 3406 ra-

403 3439 469 3502 diis
484 3443 580 3506 visus
596 3440 759 3518 hebetati,
776 3442 899 3505 animis
914 3448 994 3504 ante
1010 3442 1166 3523 praelium
1189 3442 1346 3506 concide-

401 3546 495 3615 runt,
526 3541 619 3622 quod
646 3542 824 3604 crederent
850 3540 1063 3603 innumeram
1085 3560 1161 3604 esse
1187 3541 1348 3606 adversa·

401 3637 528 3700 riorum
551 3658 710 3718 manum;
735 3640 894 3723 quamvis
917 3640 1003 3721 ipsis
1020 3660 1089 3703 non
1107 3640 1243 3704 deesset
1259 3641 1347 3703 mili-

400 3736 486 3799 taris
511 3739 611 3819 copia
637 3739 747 3802 multo
774 3739 941 3801 exercitio
965 3739 1007 3801 ad
1032 3739 1191 3820 praelium
1215 3759 1350 3821 praepa·

398 3842 486 3898 rata.
541 3834 686 3900 Lentius
710 3839 827 3919 itaque
854 3837 1093 3919 procedentes,
1109 3839 1276 3914 Francos,
1300 3838 1349 3901 bi-

432 4063 440 4094 ¹
453 4066 623 4130 Praetura]
643 4068 672 4117 S.
688 4068 719 4116 D.
733 4068 782 4127 E.;
798 4082 857 4128 per·
918 4067 1036 4128 ³Secus.]
1060 4072 1090 4118 C.
1106 4069 1141 4119 D.
1154 4071 1186 4119 Ε.
1198 4086 1205 4129 ;
1216 4071 1302 4132 Juxta,
1313 4068 1347 4118 A.

394 4136 516 4197 turbaret,
527 4138 557 4184 L.
884 4138 913 4186 S.
925 4141 957 4188 L.

430 4201 574 4268 ²Perpeti]
593 4207 621 4256 S.
645 4207 674 4254 C.
692 4208 726 4255 D.
745 4207 794 4266 E.;
812 4222 857 4254 ex·
918 4207 928 4236 ⁴
948 4207 1108 4270 Prodeunte.]
1133 4208 1161 4256 S.
1188 4210 1217 4258 C.
1241 4207 1275 4256 D.
1295 4208 1345 4266 E.;

393 4275 479 4335 periri,
490 4275 523 4323 A.
536 4276 566 4324 L.
882 4279 1043 4339 procedente,
1055 4279 1088 4326 A.
1101 4279 1131 4326 L.
