3152 4970
399 475 466 540 646
618 492 732 542 unsri
756 493 882 548 aucun
907 493 1122 542 annnorum
1209 479 1298 558 [mn.
1315 491 1350 537 v.

403 649 602 726 nominasti,
615 655 716 714 tanta
730 656 844 714 tecum
855 648 1069 714 imminentia
1080 648 1352 724 confovebimus,

405 755 447 812 ut
469 749 529 830 qui
554 755 590 811 te
608 749 664 813 vel
685 747 782 812 illum
805 750 935 814 laeserit
949 750 1145 830 Romanam
1172 748 1353 812 ecclesiam

407 846 566 912 videatur
587 848 731 912 laesisse.
782 849 915 914 Datum
941 849 1136 926 Lateranis,
1166 867 1259 911 nono
1288 845 1353 910 ka-

408 945 529 1011 lendas
543 940 785 1012 ¹Deeembris.'

249 1058 399 1152 ffigfgnl
455 1045 473 1129 §
497 1045 571 1108 415.
595 1045 797 1112 ‘Paschalis
819 1045 995 1111 Anselmo.
1047 1045 1279 1109 Suavissimas
1300 1045 1354 1108 di-

372 1137 378 1149 '
410 1143 568 1208 lectionis
580 1152 651 1208 tuae
668 1147 862 1229 accepimus
878 1145 1009 1221 literas,
1024 1144 1203 1208 charitatis
1220 1145 1355 1210 calamo

412 1245 572 1326 scriptas.
624 1245 668 1309 In
703 1244 757 1308 his
789 1245 1017 1308 reverentiam
1053 1243 1248 1308 dovotionis
1284 1250 1355 1306 tuae

412 1343 692 1426 complectimnr3
716 1352 751 1408 et
766 1343 1015 1426 perpendentes
1040 1343 1120 1414 fidei
1144 1350 1217 1406 tuae
1238 1343 1356 1418 robur,

413 1449 449 1506 et
463 1443 531 1524 piae
547 1442 789 1508 sollicitudinis
807 1443 1022 1518 instantiam,
1036 1441 1246 1517 exultamus,
1261 1443 1356 1523 quia,

414 1541 529 1622 gratia
546 1541 613 1605 Dei
635 1542 698 1605 tibi
717 1548 907 1624 praestante
931 1541 1113 1618 auxilium,
1138 1547 1173 1604 te
1195 1561 1258 1604 nec
1274 1559 1356 1622 pro·

414 1639 521 1702 missa
542 1640 743 1718 sustollunt,
770 1660 834 1704 nec
860 1641 963 1704 minae
984 1640 1199 1704 concutiunt.
1251 1638 1359 1704 Dole-

414 1757 491 1801 mus
513 1746 629 1803 autem
647 1741 741 1822 quia,
756 1759 834 1803 cum
856 1739 980 1803 fratres
1003 1746 1139 1803 nostros
1163 1739 1358 1820 episcopos,

414 1837 551 1918 legatos
575 1839 671 1919 regis,
687 1837 894 1920 Anglornm‚
917 1839 1067 1919 benigne
1092 1837 1357 1919 susceperimus

415 1956 494 2018 quae
511 1956 575 2000 nec
588 1937 739 2002 diximus
760 1939 816 2016 iis,
833 1957 896 2001 nec
918 1938 1159 2018 cogitavimus,
1176 1937 1358 2000 redeuntes

415 2036 460 2099 ad
473 2037 613 2119 propria
624 2037 824 2100 retulerunt.
879 2035 1084 2100 Audivimus
1098 2037 1188 2099 enim
1205 2055 1264 2098 eos
1282 2035 1360 2098 dix-

415 2135 496 2213 isse,
509 2137 604 2218 quia,
621 2136 651 2198 si
668 2155 730 2200 rex
741 2137 777 2198 in
795 2135 872 2199 aliis
887 2137 973 2200 bene
989 2141 1121 2216 ageret,
1136 2153 1200 2198 nos
1215 2134 1358 2202 investi.-

416 2241 514 2299 turas
539 2235 761 2299 ecclesiarum
785 2254 847 2298 nec
869 2233 1062 2317 prohibere,
1078 2254 1141 2297 nec
1162 2233 1280 2306 factas¹
1296 2253 1359 2304 ox,-

417 2335 689 2412 communicare;
712 2341 748 2398 et
773 2332 865 2416 qnod
891 2334 971 2396 ideo
997 2333 1197 2396 nolebamus
1229 2331 1359 2396 chartae

417 2435 642 2509 committere,
657 2453 700 2497 ne
719 2435 783 2497 sub
799 2433 979 2497 occasione
992 2451 1034 2496 ea
1047 2433 1165 2496 caeteri
1187 2430 1360 2514 principes

416 2531 453 2594 in
476 2551 539 2595 nos
561 2533 797 2596 inclamarent.
852 2532 952 2596 Unde
966 2531 989 2595 J
992 2551 1101 2608 esum,
1116 2532 1176 2614 qui
1197 2531 1303 2594 corda
1325 2537 1361 2594 et

416 2648 517 2693 renes
533 2637 721 2708 scrutatur,
734 2633 770 2694 in
786 2632 936 2694 animam
950 2639 1103 2695 nostram
1117 2637 1240 2694 testem
1262 2631 1360 2696 invo-

416 2746 547 2806 camus,
563 2728 605 2806 si,
622 2748 668 2792 ex
683 2749 753 2812 quo
772 2729 876 2813 hujus
893 2736 1025 2794 sanctae
1041 2729 1133 2794 sedis
1149 2749 1268 2792 curam
1284 2748 1362 2792 sns-

416 2827 571 2908 cepimus
587 2847 718 2908 gerere,
735 2827 800 2893 hoc
817 2830 966 2892 immane
983 2829 1096 2893 scelus
1112 2827 1168 2892 vel
1181 2827 1360 2892 descendit

416 2925 452 2989 in
469 2926 641 2989 mentem.'
694 2927 741 2990 Et
757 2927 859 2992 infra.
910 2927 970 2991 ‘Si
986 2947 1070 3010 ergo
1089 2925 1221 3008 virgam
1240 2933 1360 3008 pasto-

417 3024 566 3090 ralitatis
591 3025 740 3107 signnm,
768 3027 798 3090 si
832 3027 998 3091 annulum
1026 3027 1243 3108 signaculum
1268 3025 1361 3103 fidei,

416 3125 525 3189 tradit
550 3125 642 3190 laica
667 3146 802 3203 manus,
827 3126 911 3209 quid
936 3126 973 3190 in
1002 3127 1148 3192 ecclesia
1179 3124 1360 3206 pontifices

417 3227 550 3306 agunt?
595 3224 788 3308 Episcopus
806 3233 922 3291 autem
939 3225 999 3307 qui
1013 3224 1195 3289 veritatem
1211 3225 1247 3286 in
1264 3243 1361 3286 men-

415 3323 553 3388 dacium
578 3331 846 3402 commutarunt,
870 3325 948 3407 ipsa
967 3323 1126 3401 veritate,
1154 3343 1234 3406 quac
1262 3323 1359 3386 Deus

416 3430 482 3500 est,
494 3423 532 3484 in
548 3423 697 3487 medium
713 3423 922 3500 introducta,
940 3442 963 3486 a
977 3423 1071 3486 beati
1086 3423 1183 3487 Petri
1198 3421 1312 3502 gratia
1325 3429 1361 3485 ot

416 3539 439 3583 a
465 3527 585 3584 nostra
614 3523 781 3586 societate
810 3523 1020 3586 secernimus
1048 3521 1158 3587 donoc
1190 3521 1359 3584 Romanae

415 3619 571 3682 ecclesiae
584 3620 812 3686 satisfaciant.
846 3621 1052 3704 Quicunque
1067 3641 1149 3686 vero
1162 3621 1256 3684 intra
1270 3640 1360 3702 prae-

414 3718 526 3782 dictas
545 3719 702 3784 inducias
716 3713 960 3786 ²investituras
985 3719 1281 3786 consecrationum
1304 3739 1361 3784 ac-

447 4038 456 4071 ¹
467 4039 630 4103 nemora]
646 4040 694 4090 See
704 4038 747 4088 tlre
763 4039 837 4088 letter
847 4039 874 4088 in
898 4037 941 4087 All
953 4038 996 4088 the
1006 4038 1081 4088 MSS.
1089 4037 1151 4088 read
1162 4051 1199 4088 so.
1223 4036 1278 4086 The
1288 4037 1363 4086 letter

411 4111 530 4173 Eadmer,
540 4126 567 4173 p.
579 4114 620 4160 vl.
898 4109 996 4169 printed
1015 4109 1041 4156 in
1058 4109 1177 4169 Eadmer,
1188 4123 1214 4169 p.
1226 4111 1268 4165 72,
1285 4107 1361 4155 reads

898 4177 993 4238 rightly
1009 4178 1198 4228 ‘investituram
1215 4177 1256 4225 vel
1272 4190 1360 4226 conse-

445 4245 629 4306 'lenaticum
647 4239 872 4313 consecrationum]
896 4247 1051 4297 credonem:
