3152 4970
383 473 451 542 648
599 489 713 538 unsri
736 489 863 538 aucun
887 488 1100 537 auouoauu.
1199 474 1325 561 [areu.

224 666 242 706 r
288 665 376 709 aanor
455 646 504 710 tia
529 646 659 710 adhoc
682 643 908 710 omittendum
935 662 1047 710 corre
1074 644 1144 708 ‘um
1159 652 1231 709 tuae
1269 665 1336 710 rae-

222 677 352 760 ”m
388 665 570 810 &anonis
597 745 764 809 imbribus
791 744 979 807 molliatur.
1033 664 1211 808 lffrlaeterea
1232 666 1339 828 siper

387 845 559 928 episcopis
574 845 634 926 qui
656 844 783 908 falsum
798 841 857 928 (ut
870 839 980 926 nosti)
998 863 1019 907 a
1041 845 1142 908 nobis
1163 863 1335 908 rumorem

388 945 592 1022 retulerunt,
606 962 667 1008 cor
680 949 835 1007 nostrum
850 949 1060 1006 commotum
1082 950 1136 1007 est
1153 943 1335 1016 vehemen-⁴

388 1044 472 1121 tius,
489 1044 572 1126 qnia
585 1062 655 1108 non
669 1041 781 1106 solum
798 1059 862 1106 nos
874 1041 1052 1117 laeserunt,
1067 1041 1128 1104 sed
1148 1044 1339 1106 multorum

390 1142 597 1225 simplicium
611 1142 744 1204 animas
758 1140 979 1224 deceperunt,
990 1147 1026 1203 et
1040 1160 1156 1222 regem
1168 1141 1335 1206 adversus

390 1241 596 1306 charitatem
612 1241 704 1306 sedis
720 1239 920 1322 apostolicae
939 1239 1170 1320 impulerunt3
1193 1240 1336 1306 undeet

389 1341 539 1405 inultum
575 1359 695 1405 eorum
722 1339 905 1420 flagitium,
932 1339 1083 1402 Domino
1116 1347 1336 1420 cooperante,

390 1459 460 1506 non
474 1440 643 1522 patimur:
671 1437 731 1501 sed
747 1439 831 1519 quia
847 1438 909 1501 filii
923 1438 1033 1501 nostri
1052 1439 1146 1518 regis
1169 1439 1336 1502 instantia

391 1559 454 1621 pro
471 1537 514 1601 iis
535 1557 599 1601 nos
616 1536 734 1620 pulsat
751 1537 932 1614 attentius,
954 1538 1058 1600 etiam
1076 1536 1162 1620 ipsis
1183 1557 1335 1602 commu·

391 1637 505 1703 nionis
521 1643 592 1700 tuae
602 1634 822 1718 participium
838 1656 908 1699 non
923 1636 1078 1716 negabis,
1113 1636 1204 1700 Sane
1219 1657 1335 1719 regem

391 1743 427 1800 et
448 1735 644 1820 conjugem,
669 1741 704 1798 et
730 1752 889 1817 proceres
912 1735 991 1798 illos
1014 1734 1074 1815 qui
1099 1755 1162 1817 pro
1187 1735 1253 1798 hoc
1275 1757 1335 1800 ne·

391 1835 579 1918 gotiacum
594 1853 676 1915 rege
691 1853 735 1898 ex
752 1842 927 1916 praecepto
940 1839 1061 1898 nostro
1078 1835 1335 1919 laboraverunt,

392 1953 538 2017 quorum
559 1933 700 1998 nomina
722 1952 767 1996 ex
789 1932 981 2016 supradicti
997 1932 1164 1997 Willelmi
1189 1953 1334 2016 sugges-

392 2034 486 2098 tione
515 2051 715 2114 oognosces‚
738 2032 846 2115 juxta
874 2033 1093 2114 sponsionem
1126 2039 1280 2096 nostram
1314 2055 1336 2098 a

391 2133 544 2215 peccatis
563 2140 599 2196 et
613 2131 825 2214 poenitentiis
843 2130 1014 2194 absolves.
1066 2126 1356 2214 Rotomagensis¹

390 2232 544 2315 episcopi
561 2250 698 2295 causam
723 2237 793 2294 tuae
815 2229 1054 2294 deliberationi
1075 2233 1335 2311 committimus,

390 2338 427 2395 et
443 2331 535 2413 quod
553 2330 585 2394 ei
600 2330 782 2395 indulseris
800 2323 1058 2415 ¹indulgcmns.'

228 2447 360 2488 mamre-
441 2429 549 2512 §412
574 2429 665 2494 Haec
684 2428 865 2492 Paschalis
886 2447 1039 2492 summus
1064 2447 1168 2512 papa,
1193 2451 1256 2512 pro
1279 2436 1334 2496 ec?

226 2497 361 2610 {mm
389 2527 570 2592 elesiarum
590 2529 658 2593 Dei
682 2528 854 2604 libertate,
882 2528 1052 2592 sollicitus
1073 2530 1211 2610 agebat.
1265 2530 1335 2594 Fu-

227 2622 365 2711 fflffi
389 2634 491 2691 erunt
508 2634 624 2691 autem
643 2627 797 2708 episcopi
817 2646 905 2708 quos
928 2627 1098 2691 mendacii
1122 2630 1251 2709 arguit,
1269 2629 1333 2693 Gi·

226 2719 365 2763 ⁶⁶⁸⁰¹¹¹¹¹¹¹⁸ffi
389 2724 511 2789 rardus
535 2726 813 2806 archiepiscopus
829 2726 1068 2802 EboracensiS,
1090 2734 1126 2790 et
1139 2725 1334 2810 Her-bertus

389 2823 647 2903 Norwicensis3
671 2843 817 2906 quorum
834 2831 949 2888 errata
969 2825 1261 2906 reprehenderunt
1276 2848 1333 2892 ve-

388 2923 539 2987 raciores
576 2923 697 3005 legati,
734 2922 931 2988 Willelmus
970 2931 1093 3007 postea
1126 2925 1339 3004 Exonieusis

346 3010 349 3016 ⁵
388 3023 582 3106 episcopus,
610 3029 646 3086 et
670 3021 892 3086 Baldewinus
923 3024 1107 3086 Beccensis
1131 3025 1331 3089 monachus.

389 3122 544 3206 Eratque
568 3120 857 3186 tunc'Anselmus
885 3120 1163 3205 archiepiscopus
1187 3117 1331 3188 ²iterum

388 3229 544 3306 tempore
559 3222 662 3285 istius
683 3221 776 3302 regis
793 3220 955 3302 Lugduni
977 3223 1071 3298 exul,
1097 3222 1190 3304 apud
1206 3223 1332 3305 Hugo·

387 3341 466 3384 nem
490 3320 644 3404 ejusdem
677 3321 830 3384 civitatis
860 3320 1167 3403 archiepiscopum,
1193 3323 1332 3405 quando

387 3421 535 3502 epistola
555 3421 678 3500 prima,
693 3438 797 3501 quam
824 3419 983 3500 apposui,
1000 3421 1127 3484 emissa
1152 3428 1225 3500 est;
1249 3423 1333 3503 quia

386 3537 449 3581 nec
474 3519 549 3600 ipse
576 3519 647 3581 ullo
669 3517 838 3582 desiderio
861 3518 1022 3581 veniendi
1047 3520 1241 3597 tenebatur,
1269 3541 1337 3584 nec.

386 3635 449 3679 rex
477 3615 730 3680 animositatem
761 3635 859 3680 suam
890 3625 953 3698 pro
979 3616 1081 3700 ecpia
1107 3637 1332 3683 susurronum

386 3713 499 3780 sedari
524 3717 732 3802 patiebatur.
785 3716 856 3780 Diu
879 3723 1018 3796 ergoet
1042 3736 1206 3781 revocare
1222 3719 1332 3796 illum,

384 3823 421 3882 et
436 3814 684 3880 monitionibus
699 3815 899 3896 apostolicis
913 3816 1159 3894 obsecundare,
1176 3817 1331 3898 distulit;

421 4111 426 4140 ¹
440 4113 618 4176 ludelmus]
635 4113 683 4162 See
701 4113 752 4162 this
770 4112 845 4162 letter
868 4113 973 4162 Anselm
985 4114 1036 4163 had
1048 4116 1111 4163 been
1124 4116 1232 4164 recailed
1245 4133 1277 4166 on
1288 4118 1331 4168 the

381 4183 408 4233 in
420 4182 538 4245 Eadmer,
548 4199 575 4246 p.
587 4187 628 4233 87.
868 4182 953 4244 king's
969 4185 1108 4244 accession,
1119 4186 1165 4234 but
1182 4185 1331 4238 afterwards

417 4247 531 4302 ²1terum
554 4287 561 4302 .
575 4287 602 4303 ..
625 4252 742 4314 Lugduni
763 4251 844 4314 exui]
868 4253 967 4313 quitted
978 4254 1021 4302 the
1032 4255 1153 4318 kingdom
1164 4258 1250 4318 again.
