3080 4960
384 499 451 564 758
671 514 844 562 rnsronrn
867 514 1046 562 Novnnnl.
1173 499 1263 580 [mn.
1283 515 1339 560 111.

228 691 363 782 qffin-
388 691 503 737 causae
528 691 549 736 a
572 672 765 744 Decembri,
782 691 853 754 quo
877 678 977 752 pater
997 669 1181 734 defunctus
1204 678 1269 748 est,
1284 689 1342 733 us-

228 793 305 833 tura
314 793 378 830 σιω.
389 791 458 854 que
473 779 554 855 post
569 790 716 854 sequens
732 769 882 844 Pascha,
897 769 934 832 in
949 768 1167 834 Normannia
1180 770 1340 833 continu·

228 841 371 932 iff'm‘
392 871 494 949 erint,
509 891 552 935 ne
568 871 687 935 stetim
706 871 743 934 in
760 867 922 950 Angliam
939 869 1082 932 veniens
1100 869 1229 933 sororis
1251 868 1342 952 inju-

392 971 463 1034 rias
489 969 690 1035 vindicaret.
750 967 932 1032 Postremo
958 967 1111 1045 venienS,
1135 986 1239 1050 quam
1260 987 1342 1049 pru-

395 1069 490 1133 denti
503 1059 648 1132 oonsilio
665 1075 699 1131 et
715 1087 785 1148 qua
799 1066 1005 1149 exceptione
1023 1067 1068 1130 ad
1084 1067 1273 1131 hominium
1289 1086 1345 1129 ree

395 1169 450 1249 gis
473 1186 510 1232 se
529 1165 760 1243 inclinaverit,
776 1173 811 1229 et
834 1184 938 1247 quam
954 1165 1052 1248 juste
1072 1165 1163 1229 idem
1185 1165 1343 1248 sequenti

396 1285 488 1330 anno
503 1274 538 1330 et
552 1267 712 1348 deinceps
730 1263 905 1348 abjecerit.

449 1365 536 1448 §52
554 1364 630 1429 Nec
644 1371 697 1428 est
715 1362 967 1445 praetermissus
983 1362 1154 1427 secundus
1172 1363 1248 1446 ejus
1264 1369 1345 1444 post

397 1471 543 1528 mortem
556 1465 666 1546 patris
683 1482 706 1525 a
721 1462 939 1527 Normannia
951 1463 989 1524 in
1006 1461 1172 1544 Angliam
1188 1481 1266 1525 cum
1289 1479 1345 1524 so·

399 1582 476 1626 rore
492 1564 685 1640 adventus3
709 1562 744 1624 in
760 1580 863 1642 quam
879 1579 916 1624 se
930 1561 1021 1624 sicut
1033 1562 1070 1626 in
1088 1561 1261 1642 quandam
1275 1560 1346 1642 syl-

399 1680 478 1725 vam
495 1661 713 1724 frementium
729 1661 920 1723 belluarum
935 1659 1113 1735 immersit,
1130 1660 1197 1722 Dei
1210 1659 1347 1741 quidem

400 1761 515 1842 gratia
530 1767 565 1823 et
579 1760 685 1823 animi
700 1757 909 1822 confidentia
923 1758 1043 1836 fretus,
1059 1758 1120 1821 sed
1134 1758 1195 1822 vix
1210 1765 1347 1821 centnm

401 1868 437 1924 et
452 1859 683 1942 quadraginta
698 1857 864 1921 militibus
880 1857 1042 1938 stipatus.
1096 1856 1163 1920 Sed
1180 1876 1244 1921 nec
1261 1855 1347 1920 illud

401 1959 559 2034 tacitum,
576 1957 667 2039 quod
688 1957 724 2020 in
742 1963 841 2019 tanto
856 1963 952 2020 motu
975 1956 1154 2033 bellorum,
1177 1975 1255 2020 cum
1277 1955 1347 2018 sol-

401 2057 507 2121 lioitee
524 2056 651 2138 ubique
667 2054 963 2137 praetenderentur
979 2055 1148 2132 excubiae,
1168 2075 1249 2126 cum
1267 2054 1349 2118 solis

402 2155 582 2219 duodecim
596 2154 763 2218 militibus
777 2153 923 2237 impigre
941 2153 984 2216 ad
1003 2154 1144 2218 Bristou
1159 2152 1275 2232 venit3
1293 2170 1349 2216 so·

403 2274 480 2319 rore
505 2254 642 2317 interim
665 2252 759 2335 apud
779 2250 1007 2316 Arundellum
1029 2252 1109 2329 fida,
1129 2260 1169 2317 ut
1192 2253 1350 2334 putabat,
1393 2306 1400 2315 .

404 2353 562 2418 custodia
579 2352 774 2416 commissa.
826 2350 907 2429 Qua
927 2350 1111 2433 prudentia
1133 2359 1169 2415 et
1190 2358 1273 2415 tuno
1295 2367 1351 2413 so·
1448 2419 1456 2424 ,

405 2473 517 2516 rorem
532 2471 630 2515 suam
645 2471 664 2515 e
679 2450 800 2514 mediis
814 2450 971 2513 hostibus
995 2450 1040 2513 ad
1057 2469 1095 2513 se
1120 2451 1299 2532 receperit,
1316 2457 1351 2512 et

404 2553 623 2634 postmodum
654 2551 691 2613 in
724 2549 882 2612 omnibus
909 2569 972 2630 pro
1001 2569 1103 2630 posse
1133 2548 1351 2630 provexerit3

374 2697 378 2706 .
405 2669 540 2732 semper
561 2652 653 2713 circa
676 2667 752 2711 eam
777 2656 1015 2724 conversatus
1040 2648 1148 2732 ipsius
1174 2646 1352 2711 commoda

406 2766 606 2829 procurans
637 2765 700 2809 sua
724 2753 948 2828 postponens,
984 2765 1062 2810 cum
1095 2737 1236 2829 qu'idam
1267 2747 1353 2808 abu·

407 2852 521 2909 tentes
544 2848 620 2930 ejus
639 2844 796 2908 absentia
819 2851 930 2908 terras
953 2845 1062 2927 ipsius
1089 2844 1240 2928 undique
1255 2844 1353 2907 velli-

408 2952 537 3008 carent.
590 2943 646 3008 Ad
669 2950 891 3025 postremum,
913 2963 982 3024 qua
1001 2943 1207 3008 necessitate
1226 2942 1353 3007 adduc·

407 3050 477 3119 tus,
491 3050 531 3106 ut
546 3061 709 3124 generum
727 3061 841 3118 suum,
854 3061 957 3123 quem
971 3062 1034 3105 rex
1047 3043 1246 3120 incluserat,
1264 3043 1354 3124 pori·

408 3143 487 3206 culo
509 3143 689 3218 eximeret,
712 3141 803 3204 bello
828 3142 928 3222 gravi
952 3159 990 3204 se
1015 3142 1146 3204 dederit
1171 3159 1354 3222 regemque

409 3240 549 3322 ceperit.
602 3239 670 3304 Sed
694 3246 766 3302 tam
789 3239 922 3303 felicem
946 3247 1108 3304 eventum
1132 3241 1247 3322 captio
1264 3233 1354 3321 ¹ejus

409 3340 500 3421 apud
515 3339 743 3414 Wintoniam,
758 3339 846 3400 utin
861 3338 1048 3419 superioris
1063 3339 1143 3401 anni
1156 3339 1264 3418 gestis
1278 3357 1355 3419 per-

409 3439 547 3514 strinxi,
573 3438 677 3519 paulo
706 3437 819 3499 minus
845 3429 1052 3515 ²delinavit3
1086 3455 1283 3519 quanquam
1315 3455 1357 3498 ee

409 3537 570 3617 captione
586 3556 655 3599 non
680 3543 751 3598 tam
770 3535 1003 3598 miserandum
1018 3554 1123 3615 quam
1145 3534 1356 3598 laudandum

409 3653 447 3696 se
472 3634 545 3715 ipse
570 3654 632 3715 per
658 3634 725 3696 Dei
750 3635 898 3713 gratiam
923 3634 1136 3697 exhibuerit:
1166 3653 1244 3696 cum
1267 3633 1359 3695 enim

409 3731 543 3797 videret
566 3734 680 3813 regios
707 3733 850 3796 comites
871 3733 922 3795 ita
948 3733 1141 3797 obstinatos
1172 3733 1217 3795 ad
1245 3749 1360 3814 perse·

411 3832 584 3913 quendum
597 3843 637 3894 ut
654 3831 728 3893 sine
751 3851 891 3894 suorum
912 3831 1117 3895 detrimento
1138 3850 1193 3894 res
1212 3830 1360 3910 transigi

412 3931 581 4014 nequiret,
605 3948 724 3992 omnes
754 3930 878 4011 quibus
909 3930 1065 4005 timebat,
1090 3930 1361 4010 nominatimque

413 4266 435 4314 L
450 4195 457 4226 ¹
469 4190 553 4264 Ejus]
571 4197 620 4255 E.;
637 4194 741 4244 omitted
759 4194 785 4240 in
797 4193 825 4242 S.
838 4192 873 4242 D.
901 4262 922 4310 S
936 4189 1106 4309 ’193ῗέαυὶἐᾷ
1130 4193 1180 4252 Ε.;
1203 4189 1368 4250 decoloravit,

444 4270 469 4315 2.
924 4297 929 4309 .
972 4297 977 4312 .
1039 4295 1045 4310 .
