3148 4982
398 467 464 530 530
620 482 733 530 cassa
761 483 886 530 ancon
911 482 1126 530 arenosum.
1198 467 1351 548 [marr.

399 639 572 721 specimen
596 641 707 704 crucis
722 639 876 704 vestibus
895 640 1100 720 insigniant,
1114 645 1153 702 ut
1174 639 1349 704 intestinae

399 739 477 802 fidei
493 739 575 803 foris
589 759 739 803 amorem
758 740 998 822 praetendant3
1021 739 1188 802 habentes
1203 759 1266 820 per
1281 738 1348 802 Dei

380 855 612 914 concessum,
635 845 670 902 et
695 840 788 904 beati
814 839 911 903 Petri
935 836 1167 921 privilegium,
1194 838 1347 902 omnium

398 938 656 1002 absolutionem·
675 939 868 1016 criminum,
899 946 933 1002 et
964 942 1029 1000 hac
1053 937 1192 1002 interim
1224 937 1348 1001 laetitia

397 1037 551 1100 laborem
574 1038 708 1102 itineris
731 1038 907 1115 allevient,
931 1037 1083 1100 habituri
1108 1045 1189 1118 post
1214 1037 1346 1101 obitum

397 1135 507 1200 felicis
542 1138 700 1219 martyrii
739 1135 992 1201 commercium.
1054 1137 1229 1200 Ponentes
1263 1156 1349 1216 ergo·

396 1234 501 1299 serias
525 1237 722 1313 sceleribus
740 1244 780 1301 ut
799 1237 921 1301 saltem
941 1237 978 1298 in
1002 1234 1055 1300 bis
1079 1236 1279 1316 regionibus
1303 1235 1345 1297 li—

397 1342 475 1399 ceat
492 1334 697 1400 Christianis
712 1335 854 1418 pacifice
870 1337 1000 1411 vivere,
1010 1334 1127 1399 vadite
1141 1356 1149 1414 ;
1165 1334 1260 1397 illam
1276 1334 1345 1401 sor-

397 1433 593 1520 titudinem,
607 1435 825 1516 prudentiam
847 1435 955 1512 illam,
973 1454 1078 1517 quem
1093 1435 1129 1497 in
1144 1434 1238 1498 civili
1263 1453 1345 1497 con-

397 1531 494 1596 flictu
511 1533 637 1598 habere
652 1535 857 1612 consuestis,
868 1534 1010 1618 justiori
1026 1533 1240 1598 effundentes
1254 1553 1344 1614 prae·

396 1631 455 1695 lio.
507 1632 576 1709 Ite,
594 1633 831 1715 praedicabiles
847 1654 909 1715 per
925 1636 1042 1698 orbem
1064 1632 1210 1698 milites!
1234 1633 1294 1710 ite,
1309 1641 1344 1697 et

396 1733 604 1812 prosternite
626 1733 773 1814 ignavas
795 1735 938 1814 gentes!
991 1733 1060 1796 Eat
1077 1732 1211 1795 famosa
1234 1732 1343 1795 Fran-

395 1849 514 1894 corum
527 1832 650 1905 virtus,
667 1851 745 1895 cum
760 1832 971 1915 appendiciis
991 1831 1057 1903 sibi
1074 1832 1247 1914 gentibue,
1269 1831 1344 1895 solo

395 1930 450 1993 sui
473 1929 620 1994 nominis
643 1938 773 1997 terrore
796 1939 908 1996 totum
934 1933 1053 1995 orbem
1077 1938 1222 1994 motura.
1275 1930 1343 1993 Sed

395 2028 477 2110 quid
494 2049 555 2094 vos
580 2027 710 2114 diutius
732 2033 906 2108 immoror,
921 2039 960 2094 ut
975 2030 1212 2096 fortitudinem
1229 2030 1342 2110 genti·

394 2127 479 2191 lium
494 2130 608 2194 verbis
628 2133 836 2194 extenuem?
878 2131 990 2194 Immo
1013 2129 1195 2212 proponite
1219 2129 1341 2192 animis

394 2229 519 2292 vestris
547 2230 715 2294 Deificam
739 2231 958 2306 sententiam,
982 2228 1181 2311 “Angusta
1206 2236 1260 2292 est
1283 2229 1342 2292 via

394 2347 472 2409 quae
494 2329 590 2392 ducit
613 2330 657 2392 ad
677 2329 820 2394 vitam.’'
851 2379 852 2382 η
871 2330 958 2392 Esto
977 2349 1060 2410 ergo
1084 2337 1124 2390 ut
1147 2328 1194 2399 sit
1217 2329 1341 2391 semita

394 2425 629 2491 itinerantium
653 2438 761 2506 arcta,
775 2429 878 2510 plena
901 2429 1080 2504 mortibus,
1097 2434 1259 2508 suspecta
1281 2447 1341 2508 pe·

394 2527 534 2605 riculis3
563 2527 623 2590 sed
651 2528 725 2591 haec
750 2530 870 2592 eedem
894 2547 957 2592 vos
985 2527 1148 2592 amissam
1171 2526 1275 2596 ducet
1297 2527 1340 2590 ad

394 2627 555 2706 patriam,
572 2647 634 2708 per
655 2628 782 2692 multas
800 2628 958 2690 nimirum
974 2627 1214 2690 tribulationes
1239 2646 1340 2709 opor-

395 2732 445 2789 tet
460 2744 523 2788 vos
541 2718 699 2790 ¹intr0ire
723 2728 759 2790 in
780 2747 925 2808 regnum
942 2726 1020 2791 Dei.
1073 2727 1235 2809 Spectate
1257 2745 1340 2807 ergo

394 2825 520 2902 animo,
538 2825 568 2886 si
592 2826 709 2907 prensi
730 2827 878 2902 fueritis,
900 2846 1042 2905 cruces3
1069 2832 1224 2909 spectate
1247 2833 1340 2889 cate·

394 2943 469 3000 nae,
486 2943 700 3008 quaecunque
714 2919 726 2956 ²
732 2933 906 3008 postremo
931 2932 1079 3008 possunt
1095 2931 1265 2989 tormenta
1288 2925 1340 2987 in-

393 3021 465 3104 fligi
479 3044 488 3102 ;
512 3025 693 3106 operimini
716 3045 780 3108 pro
795 3025 1014 3089 fideivestrae
1032 3026 1153 3088 robore
1168 3024 1339 3088 horrenda

391 3124 573 3205 supplicia,
588 3131 639 3202 ut,
660 3125 690 3188 si
713 3144 853 3189 necesse
877 3125 993 3202 fuerit,
1011 3125 1137 3188 damno
1156 3143 1338 3207 corporum

391 3224 506 3303 agatis
523 3225 713 3288 animarum
732 3227 931 3289 remedium.
986 3225 1181 3288 Mortemne
1197 3222 1338 3299 timetis,

391 3323 457 3385 viri
474 3323 662 3401 fortissimi,
678 3324 880 3390 fortitudine
895 3332 932 3387 et
948 3325 1093 3387 audacia
1107 3324 1337 3406 praestantesl

393 3421 490 3484 Nihil
507 3431 598 3487 certe
614 3424 650 3487 in
664 3443 727 3488 vos
740 3424 869 3506 poterit
886 3424 1098 3488 comminisci
1114 3424 1264 3486 humana
1278 3441 1337 3485 ne-

391 3522 513 3601 quitia,
536 3542 605 3604 quo
630 3543 783 3605 superna
810 3531 973 3605 pensetur
993 3523 1126 3604 gloria;
1156 3542 1225 3585 non
1248 3522 1337 3585 enim

390 3627 473 3684 sunt
498 3622 679 3702 condignae
702 3623 880 3704 passiones
904 3623 1008 3706 hujus
1032 3623 1195 3704 temporis
1220 3621 1264 3684 ad
1287 3620 1339 3682 fu-

391 3726 505 3783 turem
533 3721 680 3802 gloriam
706 3741 784 3803 quae
809 3722 1020 3786 revelabitur
1050 3722 1087 3784 in
1119 3721 1227 3784 nobis.
1281 3718 1339 3783 Au

389 3820 529 3883 nescitis
544 3822 635 3902 quod
645 3822 761 3884 vivere
771 3822 965 3886 hominibus
980 3829 1033 3886 est
1044 3820 1236 3896 calamitas,
1253 3819 1339 3881 mori

388 3917 561 3984 felicitasl
614 3920 703 3983 Haec
720 3922 829 3985 vobis,
846 3921 1015 3997 doctrine,
1044 3922 1073 3984 si
1099 3918 1339 3994 recordamini,
1387 3945 1391 3951 ·

424 4195 431 4226 ¹
445 4175 849 4261 1ntroire.]A.C.D.E.L.;in-
911 4193 1082 4260 wamma]
1100 4195 1133 4245 A.
1148 4197 1177 4244 e.
1195 4196 1230 4245 n.
1246 4196 1276 4242 r.
1293 4197 1342 4254 n.;

387 4267 468 4328 gredi,
479 4268 508 4315 S.
765 4289 768 4294 ·
875 4266 994 4328 denique,
1007 4265 1035 4316 S.
