3080 4960
214 538 284 610 cre,
304 521 361 628 ¹¹.·]
506 539 680 588 fflsromx
702 539 881 588 novumn.
1101 526 1166 590 729

216 697 356 762 abbatia
371 695 414 760 de
428 695 593 762 Hortuna
609 697 753 780 proinde
768 697 945 761 destructa
966 696 1164 781 et'adjecta.
1178 722 1327 784 austrasios

216 797 308 863 Haec
326 805 481 880 ternpore
495 797 587 880 regis
605 796 763 874 Henrici,
777 799 842 861 sub
860 817 929 879 quo
944 815 999 860 res
1016 797 1093 880 ejus
1109 795 1166 884 (ut
1177 775 1321 822 ΜΝ

215 892 307 979 dixi)
335 897 471 978 magnis
498 897 713 961 successibus
742 897 952 960 floruerunt:
985 897 1045 960 sed
1075 896 1166 961 enim

215 997 280 1060 sub
305 995 483 1078 Stephano
508 990 608 1078 ¹rege
633 992 743 1083 (sicut
774 993 941 1080 praedixi)
967 1003 1060 1061 retro
1087 999 1166 1062 sub-

215 1095 325 1179 lapsae
343 1103 444 1174 sunt3
469 1096 536 1159 nisi
553 1096 646 1177 quod
668 1096 706 1158 in
727 1095 827 1161 initio
842 1095 940 1177 regni
962 1095 1038 1179 ejus
1061 1115 1167 1180 nepo-

215 1195 309 1260 tibus
325 1195 410 1272 suis,
433 1194 495 1259 uni
516 1196 771 1272 cancellariam,
786 1195 887 1259 alteri
903 1195 1165 1275 thesaurariam,

217 1294 283 1358 sibi
316 1296 465 1376 burgum
497 1295 743 1359 Malmesbiriae
774 1295 983 1378 impetravit,
1022 1297 1165 1360 subinde

216 1414 299 1475 rege
312 1393 539 1458 familiaribus
555 1395 627 1458 suis
648 1395 896 1477 ingeminante,
914 1394 1006 1458 ‘Per
1019 1414 1165 1459 nascen-

216 1491 301 1558 tiam
316 1493 383 1557 Dei
396 1495 403 1558 !
415 1494 635 1557 medietatem
645 1491 784 1575 Angliae
798 1493 916 1557 darem
928 1494 971 1571 ei,
981 1495 1011 1556 si
1021 1502 1165 1577 peteret,

217 1592 326 1656 donec
350 1599 487 1674 tempus
510 1600 745 1676 pertranseat:
771 1599 851 1656 ante
876 1592 1012 1656 deliciet
1032 1595 1107 1675 ipse
1128 1595 1166 1658 in

215 1691 376 1775 petendo,
393 1711 496 1774 quam
511 1712 576 1774 ego
590 1693 627 1755 in
641 1691 780 1756 dando.'
831 1692 1087 1757 Posterioribus
1102 1713 1165 1757 an·

217 1792 271 1854 nis
296 1790 448 1868 fortuna,
466 1791 609 1855 nimium
632 1799 668 1856 et
690 1798 771 1856 ante
790 1792 849 1856 diu
872 1792 904 1856 ei
927 1791 1097 1871 blandita,
1120 1794 1165 1858 ad

216 1897 409 1955 extremum
434 1891 633 1974 scorpiacea
654 1891 837 1957 crudeliter
859 1891 1031 1955 hominem
1053 1893 1166 1957 cauda

216 1991 397 2074 percussit.
449 1990 563 2070 Quale
587 1990 653 2056 fuit
676 1991 774 2068 illud,
800 1991 892 2074 quod
914 1998 995 2056 ante
1017 2012 1079 2056 ora
1101 2012 1166 2056 sua

216 2090 303 2154 vidit
318 2090 473 2154 homines
494 2093 580 2155 bene
602 2091 645 2155 de
666 2111 703 2155 se
725 2091 866 2155 meritos
886 2091 1047 2169 sauciari,
1064 2090 1165 2155 fami·

187 2174 195 2189 ’
215 2189 437 2255 liarissimum
453 2183 614 2255 ²militem
630 2191 852 2255 obtruncari:
876 2197 1016 2273 postero
1038 2191 1093 2254 die
1108 2211 1164 2255 se-

215 2288 341 2372 ipsum,
357 2289 415 2377 (ut
431 2309 537 2373 supra
557 2290 651 2355 satus
674 2287 781 2375 sum,)
796 2297 831 2354 et
846 2297 990 2372 nepotes
1007 2310 1088 2354 suos
1102 2311 1164 2374 po-

215 2389 428 2453 tentissimos
454 2391 646 2473 episcopua,
670 2410 774 2453 unum
798 2389 925 2472 fugari,
943 2390 1089 2454 alterum
1113 2399 1164 2455 te-

213 2488 304 2566 neri,
335 2490 487 2567 tertium,
515 2489 775 2554 dilectissimum
803 2490 868 2553 sibi
899 2489 1164 2570 adolescentem,

216 2588 437 2670 compedibus
450 2589 593 2655 vinciri:
611 2597 690 2672 post
703 2589 929 2653 redditionem
944 2587 1165 2654 castellorum

218 2687 400 2752 thesauros
421 2707 503 2753 suos
525 2688 639 2770 diripi,
656 2697 691 2753 et
715 2707 752 2752 se
778 2688 997 2772 postmodum
1020 2689 1057 2752 in
1082 2710 1164 2754 con·

217 2786 297 2850 cilio
312 2786 512 2852 foedissimis
525 2788 685 2853 convitiis
707 2788 901 2870 proscindi:
926 2788 970 2852 ad
993 2789 1165 2867 ultimum,

217 2905 295 2950 cum
312 2888 405 2970 apud
420 2887 641 2952 salesbiriam
658 2907 747 2971 pene
764 2888 943 2952 anhelaret
959 2888 996 2951 in
1020 2890 1164 2966 exitum,

218 2987 381 3068 quicquid
405 2987 580 3051 residuum
602 2993 677 3050 erat
698 3007 915 3051 nummorum
940 2995 974 3051 et
990 3008 1165 3065 vasorum,

217 3086 310 3166 quod
326 3085 457 3149 scilicet
470 3085 514 3148 ad
529 3085 772 3168 perficiendam
793 3085 974 3149 ecclesiam
997 3105 1100 3169 super
1114 3087 1165 3150 al-

217 3189 292 3247 tare
317 3191 492 3266 posuerat,
521 3203 559 3247 se
587 3185 699 3247 invito
726 3185 909 3266 asportari.
960 3185 1166 3249 Extremum

217 3282 302 3365 puto
324 3282 545 3360 calamitatis
567 3267 790 3367 cujus'etiam
812 3303 867 3347 me
892 3283 1043 3360 miseret,
1061 3285 1165 3367 quod,

216 3400 295 3445 cum
312 3383 431 3447 multis
448 3384 552 3446 miser
566 3383 751 3461 videretur,
771 3383 988 3465 paucissimis
1004 3392 1081 3449 erat
1102 3386 1166 3448 mi-

217 3482 374 3546 secabilis
386 3503 396 3562 ;
413 3489 549 3546 tantum
563 3483 682 3547 livoris
700 3490 735 3547 et
747 3482 817 3547 odii
832 3503 876 3547 ex
890 3484 996 3547 nimia
1009 3485 1167 3568 potentia

216 3588 453 3660 contraxerat,
483 3589 520 3646 et
546 3582 717 3647 immerito
753 3582 849 3666 apud
878 3583 1047 3666 quosdam
1079 3603 1166 3667 quos

216 3681 322 3745 etiam
335 3681 524 3748 honoribus
541 3689 701 3748 auxerat.

381 3871 431 3918 DE
453 3869 713 3921 INSTl'l'U'l'IONE
735 3873 992 3922 ABBATIARUM.

267 3977 348 4064 §33.
364 3977 469 4044 Anno
484 3981 657 4046 incarnati
663 3981 772 4046 Verbi
786 3983 969 4048 millesimo
981 3983 1168 4048 centesimo
1179 3999 1308 4090 ffiffi

130 4081 136 4092 ‘
216 4080 481 4163 quadragesimo
503 4081 664 4145 monachi
690 4082 907 4148 abbatiarum
934 4103 1022 4166 quas
1049 4084 1311 4200 R⁰ge·3ss{⁵¹m‘'“

250 4303 363 4369 ¹Rege.]
380 4307 434 4368 E.;·
446 4305 629 4358 omittedinS.
641 4307 677 4357 D.
738 4304 890 4372 'Militem
912 4309 942 4360 S.
960 4310 995 4360 D.
1016 4310 1071 4361 Ea
1096 4312 1168 4374 La.;

213 4376 269 4426 Μ.
703 4377 821 4439 militum,
833 4379 889 4429 El.
