3080 4960
378 517 444 582 730
659 532 841 582 ,1111111111
863 531 1039 580 novenni.
1186 515 1272 597 [nro.
1291 530 1331 578 rr.

379 691 452 755 rius
479 691 662 773 episcopus
690 695 813 753 contra
841 687 894 752 fas
919 693 1091 764 tenuerat,
1114 706 1195 768 rege
1224 686 1332 765 adito,

380 791 525 872 antiqua
542 789 724 872 privilegia
744 794 780 852 et
804 789 947 852 abbates
970 787 1095 851 habere
1120 792 1332 851 meruerunt.

383 890 526 954 Electus
552 890 668 952 estin
697 889 859 952 abbatem
883 887 1131 952 Malmesbiriae
1158 907 1180 951 a
1210 907 1330 951 mona·

381 990 468 1065 chis,
494 989 681 1053 secundum
707 995 860 1053 tenorem
883 986 1057 1070 privilegii
1089 987 1181 1069 quod
1204 987 1330 1051 beatus

381 1088 562 1154 Aldelmus
578 1109 599 1152 a
617 1088 737 1169 Sergio
756 1106 850 1170 papa
859 1085 935 1170 jam
960 1093 1042 1150 ante
1057 1087 1331 1169 quadringentos

381 1190 568 1271 sexaginta
581 1195 617 1252 et
632 1207 695 1251 sex
709 1206 817 1252 annos
833 1188 1092 1268 impetraverat,
1102 1193 1138 1250 et
1154 1205 1176 1250 a
1191 1186 1331 1265 regibus

381 1288 680 1353 West-Saxonum
699 1287 776 1364 lna,
792 1287 1001 1350 Merctorum
1013 1285 1211 1363 Ethelredo,
1228 1287 1330 1350 11111ὑ

382 1390 452 1452 rari
476 1389 616 1465 lecerat,
643 1387 796 1470 ejusdem
821 1386 889 1451 loci
916 1385 1106 1450 monachus
1137 1385 1159 1449 J
1163 1385 1329 1464 ohannes,

381 1488 436 1552 vir
457 1487 671 1569 benignitate
691 1506 824 1551 morum
848 1491 884 1550 et
905 1485 1012 1549 animi
1034 1485 1241 1550 liberalitate
1266 1505 1328 1568 ap*

381 1587 490 1668 prime
516 1587 674 1667 insignis.
727 1585 1062 1667 Probavit-legatus
1089 1597 1243 1663 causam,
1263 1585 1328 1648 im·

381 1685 543 1767 probavit
558 1695 764 1767 personam}
788 1685 885 1748 nullo
899 1686 989 1748 enim
1007 1684 1108 1748 modo
1122 1687 1232 1748 menti
1253 1684 1328 1768 ejus

380 1784 581 1866 persuaderi
604 1789 742 1866 poterat
768 1802 884 1865 regem
913 1791 1040 1866 praeter
1064 1783 1239 1848 dationem
1268 1804 1329 1866 pe-

381 1885 492 1948 cuniae
532 1883 692 1948 electioni
723 1884 948 1948 consensisse.
1015 1883 1063 1948 Et
1091 1884 1229 1966 quidem
1265 1884 1329 1947 ali-

381 1991 549 2066 quantum
574 1997 790 2048 nummorum
805 1983 1011 2066 promissum
1027 1983 1153 2061 luerat,
1167 2003 1274 2047 causa
1287 1984 1330 2047 li-

380 2083 526 2148 bertatis
551 2085 718 2160 ecclesiae,
741 2103 811 2146 11111
832 2083 1011 2147 electionis
1032 2098 1200 2165 personae.
1253 2082 1328 2146 lta*

381 2202 449 2264 que
473 2183 664 2260 Johannes,
695 2183 853 2265 quamvis
885 2182 1069 2246 immatura
1096 2190 1207 2246 morte
1237 2195 1329 2246 anno

380 2282 500 2346 eodem
523 2289 714 2366 praereptus
736 2282 852 2358 luerit,
875 2288 1040 2346 aeternam
1063 2288 1180 2346 tamen
1203 2291 1238 2346 et
1252 2281 1329 2346 lau·

380 2382 528 2446 debilem
546 2384 600 2449 sui
617 2382 816 2446 memoriam
831 2382 965 2445 cunctis
979 2389 1058 2464 post
1074 2401 1113 2444 se
1130 2383 1255 2446 seculis
1268 2382 1328 2446 de·

381 2483 541 2563 reliquit:
566 2483 682 2546 nullus
704 2481 794 2546 enim
808 2480 907 2566 (vere
921 2477 1050 2564 fateor)
1068 2481 1143 2564 ejus
1164 2481 1233 2546 loci
1255 2500 1328 2546 mo-

381 2581 513 2645 nachus
545 2589 653 2646 tantae
681 2580 979 2662 magnanimitatis
1017 2581 1111 2644 lacto
1138 2582 1327 2658 assisteret,

380 2680 447 2743 nisi
470 2679 649 2744 Johannes
667 2680 876 2744 inchoasset.
928 2679 1054 2762 ltaque
1075 2680 1226 2745 habeant
1250 2697 1328 2744 sue-

380 2797 535 2844 cessores
552 2781 628 2863 ejus
642 2778 779 2844 laudern
797 2781 827 2842 si
844 2779 1039 2843 libertatem
1055 2781 1209 2844 ecelesiae
1223 2779 1329 2845 tutati

378 2878 520 2958 suerint,
538 2880 613 2962 ipse
634 2877 861 2962 proculdubio
883 2897 959 2944 eam
985 2899 1007 2942 a
1027 2880 1195 2944 servitute
1209 2878 1329 2945 rendi·

378 2977 483 3042 cavit.
1298 2988 1300 2992 ’

473 3170 521 3218 ne
544 3167 773 3217 courusroun
796 3167 955 3216 cuneum
978 3167 1047 3214 1111
1069 3167 1244 3216 susurru.

430 3277 447 3361 §
473 3277 530 3340 34.
553 3277 666 3341 Totus
692 3295 805 3340 annus
827 3277 886 3340 ille
909 3276 1097 3358 asperitate
1120 3294 1255 3358 guerrae
1276 3273 1329 3338 in-

216 3402 270 3482 cqqn
378 3375 526 3441 horruit.
572 3375 727 3441 Castella
757 3383 856 3440 erant
887 3377 1008 3440 crebra
1036 3387 1099 3458 per
1119 3381 1229 3440 totam
1253 3371 1329 3439 An·

274 3455 323 3484 '⁸¹'
377 3476 505 3557 gliam3
529 3495 677 3559 quaeque
696 3495 777 3540 suas
799 3483 916 3558 partes
942 3474 1173 3551 defendentia,
1189 3476 1259 3538 imo
1271 3472 1330 3560 (ut

377 3575 493 3638 verius
508 3573 638 3660 dicam)
651 3575 909 3658 depopulantia
962 3574 1094 3639 Milites
1108 3573 1329 3638 castellorum

378 3674 597 3738 abducebant
619 3675 663 3738 ab
687 3676 781 3756 agris
812 3681 847 3738 et
867 3693 995 3756 pecora
1019 3681 1055 3738 et
1080 3673 1241 3756 pecudes,
1265 3691 1329 3736 nee

378 3774 531 3838 ecclesiis
546 3793 609 3837 nec
629 3774 827 3837 coemiteriis
847 3781 1039 3856 parcentes.
1081 3768 1329 3850 ¹Vav'assores,

377 3875 538 3951 rusticos,
553 3873 751 3956 quicunque
773 3871 950 3954 pecuniosi
972 3869 1198 3954 putabantur,
1221 3873 1328 3935 inter·

377 3975 556 4057 cipientes,
579 3973 826 4055 suppliciorum
849 3972 1087 4054 magnitudine
1110 3972 1154 4036 ad
1180 3970 1328 4052 quodvis

376 4074 648 4155 promittendum
682 4073 863 4154 cogebant.
925 4073 1095 4136 Domibus
1124 4071 1328 4134 miserorum

410 4311 416 4343 ¹
436 4314 581 4366 Vueessorer
595 4307 781 4382 ...cogebuat.]
796 4315 842 4374 E.;
860 4313 964 4362 omitted
976 4313 1002 4361 111
1014 4311 1043 4362 S.
1057 4315 1087 4362 C.
1099 4313 1134 4362 D.
1149 4313 1182 4361 G.
1196 4313 1231 4362 Κ.
1243 4309 1299 4361 Lu.
