3152 4970
237 641 325 680 Conuell
333 645 355 681 al

239 691 379 732 winchester.

243 2237 302 2288 aar.
312 2239 331 2278 1.

243 2335 300 2384 sept.
310 2335 341 2374 so.

243 2385 292 2424 nur
303 2385 382 2425 aean

243 2436 323 2474 nrrlrer
332 2435 355 2474 lu

244 2485 343 2573 istd

244 2546 345 2634 merel

397 449 463 515 724
684 463 856 515 arsroms
880 462 1057 511 Novanus.
1205 447 1292 528 [mn.
1311 460 1351 508 ιι.

398 629 510 700 esset:
534 639 596 684 seu
614 619 777 702 qnoniam
791 617 964 695 audirent,
979 615 1119 700 quidam
1134 616 1238 680 etiam
1255 615 1353 694 vide·

397 727 488 798 rent,
511 719 647 801 gladios
671 719 764 784 circe
793 737 831 782 se
863 717 997 781 nudari.
1056 715 1139 780 Non
1161 715 1253 780 enim
1274 715 1351 798 jam

398 819 532 892 ludicra
557 826 657 883 erant
671 819 789 895 verba,
805 816 865 880 sed
882 816 926 880 de
942 816 1017 881 vita
1031 821 1066 879 et
1080 815 1250 896 sanguine
1262 833 1351 897 pene

399 918 609 983 certabatur.
661 917 746 982 Non
776 916 967 981 omiserunt
996 921 1113 979 tamen
1144 913 1281 996 legatus
1314 921 1351 977 et

400 1017 681 1100 archiepiscopus
695 1016 780 1101 quin
794 1022 948 1080 tenorem
965 1012 1068 1079 officii
1086 1013 1141 1078 sui
1162 1033 1349 1096 proseque-

400 1123 538 1181 rentur:
563 1115 765 1201 suppliciter
789 1115 881 1180 enim
907 1113 1052 1198 pedibus
1075 1113 1167 1194 regis
1192 1113 1228 1176 in
1253 1113 1349 1177 enbi-

400 1216 480 1281 culo
510 1214 625 1294 affusi,
652 1221 839 1282 oraverunt
866 1220 906 1277 ut
936 1211 1156 1276 misereretur
1182 1211 1348 1288 eeclesiae,

400 1315 621 1382 misereretur
645 1315 769 1380 animae
793 1321 829 1378 et
851 1312 953 1377 famae
973 1331 1058 1389 suae,
1082 1331 1146 1375 nec
1172 1318 1351 1394 pateretur

400 1415 474 1478 fieri
491 1413 670 1478 dissidium
686 1415 933 1495 interregnum
948 1418 983 1475 et
1000 1410 1242 1476 sacerdotium.
1283 1410 1349 1489 Ille

400 1513 585 1594 dignanter
608 1531 808 1595 assurgere,
833 1511 992 1594 quamvis
1017 1529 1039 1573 a
1062 1527 1099 1574 se
1125 1509 1210 1573 sacti
1231 1529 1350 1573 eornm

400 1613 600 1677 amoliretur
618 1613 798 1689 invidiam,
821 1611 991 1675 malorum
1014 1617 1131 1673 tamen
1150 1616 1350 1693 praeventus

399 1711 565 1787 consiliis,
582 1712 714 1778 nullam
726 1713 895 1778 bonorum
910 1709 1175 1794 promissionum
1192 1708 1352 1774 exhibuit

401 1809 600 1877 efficaciam.

402 1998 450 2047 DE
472 1997 645 2048 ADVEN'I'U
669 1999 930 2048 IMPERATRIGIS
955 2000 998 2047 ΕΤ
1022 1999 1179 2048 ROBllR'l'l
1205 1979 1353 2047 coMisls

751 2099 790 2147 IN
813 2099 989 2148 ANGLIAM.

455 2205 544 2290 §29.
571 2204 741 2271 Kalendis
764 2206 977 2290 Septembris
1000 2205 1151 2270 solutum
1169 2213 1222 2270 est
1237 2208 1353 2271 eonci-

403 2305 496 2370 linm.
549 2305 667 2370 Pridie
683 2326 766 2371 vero
783 2304 1010 2370 kalendarum
1021 2306 1223 2370 Octobrium
1238 2326 1354 2370 comes

405 2405 593 2482 Robertns,
606 2405 745 2470 tandem
760 2425 871 2470 nexus
886 2424 1059 2469 morarum
1075 2405 1259 2482 eluctatus,
1274 2425 1353 2470 cum

403 2524 521 2569 sorore
546 2505 763 2588 imperatrice
789 2505 947 2569 invectus
978 2511 1032 2568 est
1056 2503 1209 2586 Anglioe,
1241 2505 1352 2569 fretus

402 2604 533 2687 pietate
547 2604 615 2667 Dei
630 2612 664 2668 et
684 2604 750 2668 fide
765 2603 912 2687 legitimi
926 2603 1153 2669 sacramenti:
1177 2603 1366 2682 caeterum,

403 2703 513 2767 multo
528 2702 661 2766 minore
676 2721 850 2766 armorum
865 2709 1037 2787 apparatu
1052 2721 1155 2788 quam
1170 2704 1248 2784 quis
1264 2702 1353 2767 alius

403 2808 475 2865 tam
502 2801 733 2884 periculosum
758 2801 888 2867 bellum
918 2802 1061 2885 aggredi
1088 2809 1252 2879 tentaret,
1283 2823 1352 2866 non

403 2901 497 2965 enim
523 2901 707 2984 plusquam
738 2907 877 2966 centum
906 2908 942 2966 et
964 2901 1198 2985 qnadraginta
1226 2901 1353 2966 milites

404 3007 488 3066 tunc
516 3019 632 3066 secum
660 2999 820 3065 adduxit.
882 3000 1097 3066 Testimonio
1124 3000 1352 3065 veridicorum

403 3100 592 3166 relatorum
621 3121 734 3166 sermo
761 3119 858 3165 meus
888 3099 1020 3164 nititur.
1083 3101 1256 3177 Dicerem,
1287 3101 1355 3164 nisi

404 3200 559 3267 adulatio
588 3201 776 3278 videretur,
806 3219 876 3264 non
908 3199 1074 3282 imparem
1103 3199 1210 3262 fuisse
1240 3194 1354 3263 ¹illnm

403 3299 428 3364 J
430 3301 502 3366 ulio
519 3300 651 3365 Caesari
665 3301 838 3365 duntaxat
856 3299 982 3377 animo,
998 3318 1100 3382 quem
1115 3298 1218 3363 Titus
1235 3298 1356 3363 Livius

405 3407 651 3464 commemorat
676 3400 828 3483 quinque
858 3399 971 3462 solum
1000 3398 1160 3462 cohortes
1192 3399 1355 3462 habuisse
1465 3442 1468 3451 -

404 3499 542 3581 quando
558 3499 658 3564 civile
670 3499 798 3564 bellum
811 3497 989 3562 inchoavit
1002 3517 1011 3576 ;
1035 3517 1114 3562 cum
1129 3497 1267 3580 quibus,
1285 3491 1356 3561 ²in-

404 3597 538 3678 quiens,
560 3599 677 3662 orbem
700 3605 869 3662 terrarum
896 3597 1038 3662 adortus
1066 3604 1130 3661 est.
1184 3587 1355 3676 Quamvis

404 3697 524 3779 iniqua
549 3698 805 3781 comparatione
830 3695 947 3760 Julius
975 3703 1010 3760 et
1036 3695 1212 3760 Robertus
1239 3697 1356 3762 confe-

403 3804 544 3860 rantur:
568 3796 685 3861 Julius
705 3797 807 3874 enim,
826 3814 916 3860 verae
942 3795 1022 3860 fidei
1044 3795 1208 3874 extorris,
1229 3796 1266 3859 in
1283 3796 1355 3859 for-

403 3903 489 3960 tuna
512 3915 576 3960 sua
597 3895 654 3983 (ut
676 3893 830 3981 dicebat)
855 3903 890 3960 et
915 3896 1091 3977 legionum
1107 3895 1237 3960 virtute
1259 3915 1356 3978 spem

438 4184 446 4214 ¹
458 4186 554 4249 illurn]
572 4187 621 4247 Ea
636 4185 740 4235 omitted
751 4185 776 4233 in
790 4184 818 4235 S.
829 4184 863 4235 D.
926 4182 1081 4248 'loquium
1093 4183 1154 4231 This
1163 4179 1235 4230 word
1247 4195 1357 4242 appears

402 4256 456 4308 112·
852 4288 856 4293 ι
890 4255 1041 4304 redundant.
