3152 4970
257 525 262 534 ·
374 490 441 556 650
591 501 704 550 casm
731 498 858 548 ancon
885 496 1099 546 nsanonuu.
1190 482 1278 564 [nra.
1293 495 1329 544 v.

377 677 441 723 nec
457 657 525 724 nisi
541 655 705 738 legitimis
722 655 900 739 productis
924 654 1084 733 testibus,
1102 654 1163 737 qui
1179 673 1255 720 eam
1268 656 1329 740 ju-

282 811 292 828 .
378 763 497 823 tarent
519 755 595 820 sine
619 755 834 838 professione
867 773 973 820 causa
1006 773 1190 838 procorum
1211 756 1329 820 velum

379 855 540 939 gessisse,
555 854 834 938 archiepiscopus
849 853 974 919 adduci
989 855 1105 937 potuit
1121 854 1166 918 ad
1183 873 1330 918 consen-

380 955 546 1021 tiendum.
595 953 690 1020 'Haec
720 954 828 1036 igitur
847 953 983 1018 duobus
1007 954 1190 1036 partubus,
1212 954 1329 1018 ¹altero

380 1055 525 1120 alterius
550 1073 670 1132 sexus,
686 1059 864 1129 contenta,
885 1053 922 1116 in
944 1059 1123 1135 posterum
1144 1059 1181 1116 et
1206 1071 1329 1135 parere

381 1159 417 1217 et
444 1153 617 1236 parturire
649 1152 803 1218 destitit:
845 1151 1153 1234 aequanimiterque
1183 1151 1328 1230 serebat,

382 1271 464 1333 rege
490 1251 577 1317 alias
602 1251 748 1328 intento,
772 1250 850 1333 ipsa
872 1250 978 1314 curiae
991 1250 1196 1328 valedicere,
1210 1247 1330 1316 West-

382 1351 593 1418 monasterio
624 1351 744 1416 multis
776 1349 877 1414 annis
903 1355 1051 1414 morata.
1102 1348 1180 1414 Nec
1210 1355 1330 1414 tamen

383 1451 567 1532 quicquam
593 1449 625 1514 ei
650 1449 779 1530 regalis
805 1448 1074 1531 magnificentiae
1098 1448 1239 1529 deerat3
1265 1449 1328 1512 sed

383 1548 557 1612 indefessa
572 1547 779 1630 frequentia,
800 1548 903 1614 undoe
929 1547 1169 1623 salutantium,
1194 1555 1229 1612 et
1246 1549 1330 1614 totis

384 1648 643 1730 apportantium
655 1648 879 1730 temporibus,
895 1646 1152 1730 accipiebantur
1167 1653 1330 1711 etvome-

383 1745 512 1810 bantur
522 1747 681 1829 superbis
692 1747 845 1812 aedibus:
862 1745 928 1812 hoc
943 1747 1036 1828 regis
1045 1745 1194 1829 jubebat
1207 1745 1331 1810 libera-

385 1845 478 1922 litas,
495 1844 561 1912 hoc
581 1846 693 1929 ipsius
716 1847 832 1928 gratia
858 1852 894 1910 et
915 1844 1026 1910 drrlcis
1047 1845 1246 1909 attrahebat
1269 1846 1329 1908 be-

386 1945 551 2024 nignitas.
596 1943 846 2010 sanctitudinis
867 1944 1030 2027 egregiae,
1044 1964 1114 2008 non
1136 1963 1332 2026 usquequa-

385 2063 454 2126 que
470 2043 691 2127 despicabilis
707 2043 839 2120 formae,
854 2050 1020 2108 maternae
1036 2042 1177 2126 pietatis
1193 2043 1331 2120 aemula,

386 2143 472 2208 nihil
496 2143 674 2208 sinistrum
701 2149 871 2224 quantum
896 2143 941 2206 ad
968 2144 1181 2208 semoribus
1206 2142 1331 2206 admit·

387 2249 484 2321 tens3
501 2249 629 2325 praeter
642 2242 776 2322 regium
791 2241 903 2306 cubile
915 2242 1057 2324 pudoris
1069 2242 1218 2324 integra,
1236 2241 1333 2305 nulla

387 2340 492 2412 etiam
515 2341 712 2424 suspicione
736 2341 833 2406 laesa.
876 2338 999 2406 Cilicio
1025 2341 1090 2404 sub
1113 2341 1209 2422 regio
1234 2341 1331 2405 cultu

387 2439 587 2517 convoluta,
610 2440 755 2523 nudipes
782 2440 903 2504 diebus
929 2437 1214 2522 Quadragesimae
1244 2446 1333 2504 tere-

388 2539 450 2601 bat
469 2538 692 2604 ecclesiarum
716 2538 855 2604 limina:
881 2555 944 2602 nec
969 2538 1131 2604 horrebat
1154 2539 1260 2621 pedes
1281 2539 1333 2603 la-

388 2655 472 2700 vare
494 2637 740 2714 morbidorum,
755 2638 873 2702 ulcera
901 2637 998 2702 sanie
1019 2638 1225 2703 distillantia
1249 2657 1332 2702 con-

389 2741 559 2814 trectare3
582 2742 757 2817 postremo
780 2736 888 2818 longa
908 2737 1068 2802 manibus
1083 2737 1203 2803 oscula
1218 2744 1334 2819 prote-

388 2833 474 2909 lare,
503 2852 656 2896 mensam
687 2853 873 2916 apponere.
926 2835 1012 2902 Erat
1039 2837 1072 2900 ei
1095 2836 1131 2900 in
1161 2836 1333 2900 audiendo

389 2931 531 2994 servitio
547 2931 614 2996 Dei
631 2933 793 3015 voluptas
809 2934 925 3011 unica,
942 2928 1104 3016 ¹ideoque
1128 2935 1165 2998 in
1190 2935 1334 3000 clericos

388 3031 476 3094 bene
511 3030 664 3097 melodos
696 3032 950 3098 inconsiderate
988 3027 1171 3116 ²provida3
1209 3033 1334 3099 blande

389 3149 613 3214 quoscunque
627 3130 770 3213 alloqui,
781 3132 891 3196 multa
905 3133 1037 3214 largiri,
1049 3133 1149 3214 plura
1165 3132 1333 3216 polliceri.

390 3228 489 3307 Inde,
502 3229 710 3296 liberalitate
720 3231 831 3314 ipsius
848 3250 911 3313 per
921 3233 1038 3296 orbem
1054 3239 1145 3309 sata,
1156 3232 1333 3296 turmatim

389 3327 459 3392 huc
488 3329 724 3396 adventabant
750 3329 948 3394 scholastici
976 3337 1051 3395 tum
1073 3333 1234 3397 cantibus
1260 3338 1335 3395 tum

389 3427 547 3492 versibus
561 3427 708 3507 famosi3
731 3428 934 3511 felicemque
951 3449 990 3496 se
1014 3432 1161 3512 putabat
1175 3430 1236 3513 qui
1256 3449 1334 3494 car-

389 3526 492 3591 minis
514 3528 669 3592 novitate
685 3545 786 3594 aures
806 3528 971 3593 mulceret
987 3528 1148 3594 dominae.
1200 3528 1277 3595 Nec
1297 3528 1334 3592 in

388 3622 443 3686 his
467 3624 579 3688 solum
604 3645 777 3708 expensas
803 3627 1014 3708 conferebat,
1031 3629 1092 3692 sed
1114 3629 1219 3694 etiam
1241 3629 1336 3692 omni

388 3723 507 3803 generi
521 3723 710 3804 hominum,
722 3727 914 3808 praesertim
927 3727 1158 3808 advenarum3
1176 3727 1249 3811 qui,
1260 3746 1335 3790 mn-

388 3822 528 3886 neribus
554 3825 719 3907 acceptia,
747 3825 876 3889 famam
901 3826 977 3909 ejus
1006 3826 1111 3908 longe
1134 3847 1197 3909 per
1224 3833 1335 3890 terras

388 3921 618 3988 venditarent.
670 3923 736 3986 Est
757 3925 848 3987 enim
868 3924 1040 4008 cupiditas
1062 3926 1184 4007 gloriae
1209 3927 1261 3990 ita
1281 3926 1335 3989 in-

423 4187 623 4265 ¹1ae0que.]'l.
641 4204 670 4253 e.
691 4205 719 4254 c.
736 4205 771 4253 n.
790 4205 846 4254 aa.
908 4202 1060 4276 saresta]
1075 4209 1207 4272 c.n.n.;
1220 4210 1336 4273 prenge,

386 4267 461 4327 n2.;
478 4271 613 4330 neam.
871 4273 1013 4325 uara
