3104 4974
228 508 384 589 maur]
456 525 571 572 casm
595 524 722 572 nucum
747 509 1004 574 arianorum.v
1115 511 1180 574 397

226 687 372 758 ratores,
390 701 460 744 non
476 681 600 745 minori
614 681 708 744 fastu
726 681 846 744 eadem
868 682 910 745 de
927 681 1104 746 Willelmo
1122 682 1181 746 de-

226 782 443 858 nuncianteS,
474 781 722 861 regrediuntur,
761 788 796 844 et
827 800 910 844 suos
938 783 975 844 in
1006 790 1181 846 certamen

227 880 433 943 accendunt.
486 879 578 942 Haec
599 881 677 942 ideo
701 880 854 943 seriatim
884 881 1000 957 retuli,
1016 889 1056 944 ut
1082 881 1181 945 Mar·

227 979 301 1042 telli
331 987 447 1043 tumor
479 980 674 1061 legentibus
708 980 928 1044 elucesceret.
993 979 1180 1058 Caeterum,

228 1077 314 1141 nihil
331 1086 415 1142 tunc
440 1078 484 1142 de
506 1079 611 1143 solita
635 1080 921 1160 magnanimitate
948 1098 1067 1157 ausus,
1083 1087 1179 1144 ante·

228 1197 332 1260 quarn
357 1179 394 1241 in
421 1196 544 1241 manus
561 1179 736 1242 veniretur
758 1185 858 1261 terga
880 1179 1045 1243 ostendit.
1098 1178 1179 1258 Quo

229 1277 360 1355 audito,
385 1275 542 1341 Alentini
571 1297 608 1340 se
634 1276 807 1356 dedidere,
830 1279 925 1361 pacti
948 1280 1178 1343 membrorum

229 1377 398 1441 salutem:
422 1384 503 1460 post
523 1376 628 1442 etiam
651 1373 878 1443 Danfruntini
899 1376 1055 1442 feliciora
1076 1379 1179 1460 signa
1258 1365 1262 1372 ’

229 1477 351 1540 secuti.

280 1576 389 1660 §232
416 1576 674 1640 Posterioribus
697 1576 797 1640 annis
823 1577 1005 1642 rebellavit
1024 1571 1178 1642 ¹Willel-
1192 1593 1285 1633 wfflum

1191 1648 1261 1683 comte

230 1695 305 1739 mus
322 1695 438 1740 comes
460 1676 502 1738 de
521 1674 658 1754 Arabis,
673 1683 818 1758 patruus
838 1677 914 1760 ejus
929 1677 990 1741 sed
1004 1677 1143 1753 nothus,
1157 1696 1179 1740 a
1191 1693 1294 1784 Ques

228 1776 348 1856 primis
373 1776 537 1858 auspiciis
562 1776 710 1840 ducatus
744 1775 871 1838 infidus
904 1783 940 1840 et
962 1777 1177 1859 versipellis3
1259 1772 1264 1783 ’

228 1893 308 1938 nam
335 1876 426 1938 etin
448 1875 626 1939 obsidione
647 1874 834 1939 Danfronti
853 1874 944 1940 clam
965 1875 1178 1959 profugerat,

229 1981 264 2038 et
294 1975 413 2039 multis
443 1994 537 2057 saepe
570 1976 676 2039 animi
710 1975 764 2037 sui
799 1975 951 2039 latebras
984 1983 1178 2059 aperuerat.

231 2072 454 2157 Quapropter
480 2073 678 2139 Willelmus
708 2075 927 2156 quibusdam,
950 2095 1037 2157 quos
1060 2075 1184 2139 fideles·

230 2172 317 2238 falso
343 2174 589 2250 arbitrabatur,
616 2174 813 2237 firmitatem
840 2174 976 2238 castelli
1001 2175 1179 2238 commise-

230 2280 307 2352 rat;
331 2292 451 2338 verum
475 2273 533 2336 ille
558 2280 638 2336 astu
662 2293 731 2355 quo
755 2272 915 2350 callebat,
939 2273 1049 2336 multa
1073 2273 1177 2354 largi·

230 2372 329 2449 endo,
357 2372 459 2454 plura
485 2372 692 2455 pollicendo,
720 2361 756 2435 in
786 2391 868 2436 suas
896 2380 1014 2456 partes
1040 2373 1177 2436 eosdem

230 2473 398 2544 traduxit.
451 2471 647 2536 Munitione
667 2472 776 2554 igitur
797 2473 943 2554 potitus,
966 2473 1092 2536 bellum
1115 2473 1177 2537 do-

230 2572 322 2634 mino
339 2591 403 2636 suo
423 2572 656 2636 denunciavit.
709 2571 775 2634 Ille
799 2573 902 2636 solito
925 2593 1020 2636 more
1045 2573 1177 2636 alacer-

229 2672 312 2735 rime
327 2669 463 2735 Archas
486 2672 632 2744 obsedit,
648 2671 926 2735 dissuadentibus
952 2671 1091 2751 amicis;
1115 2690 1176 2755 pa·

228 2771 297 2834 lam
322 2774 510 2853 professuS‚
528 2771 614 2834 nihil
639 2771 791 2834 latrones
816 2790 961 2834 ausuros
985 2773 1015 2835 si
1037 2771 1073 2834 in
1095 2791 1177 2835 con-

229 2877 384 2951 spectum
401 2871 476 2953 ejus
490 2872 674 2934 venissent.
728 2870 805 2933 Nec
826 2871 1008 2952 promissio
1031 2870 1097 2934 fide
1120 2890 1177 2933 ca-

229 2971 320 3049 ruit3
343 2989 493 3052 namque
516 2971 701 3052 plusquam
718 2971 864 3034 trecenti
879 2971 1018 3047 milites,
1035 2971 1095 3053 qui
1116 2991 1178 3053 pa-

228 3069 386 3132 bulatum
402 3076 437 3132 et
451 3069 656 3152 populatum
671 3077 921 3151 processerant,
935 3090 976 3134 eo
999 3089 1087 3151 pene
1103 3070 1178 3134 solo

229 3177 427 3252 conspecto,
440 3170 533 3232 intra
555 3169 762 3232 munitiones
784 3167 952 3250 refugere.
1005 3169 1089 3231 Dux
1104 3170 1178 3232 sine

230 3269 399 3350 sanguine
422 3288 494 3331 rem
515 3288 682 3350 peragere
694 3267 828 3344 volone,
850 3267 1033 3330 obfirmato
1055 3274 1177 3330 contra

230 3365 364 3432 Arabas
395 3367 551 3445 castello,
585 3368 629 3430 ad
658 3368 728 3431 alia
756 3386 835 3450 quae
865 3367 977 3448 magis
1007 3367 1177 3448 urgebant

229 3467 321 3531 bella
345 3487 532 3541 conversus
559 3475 633 3531 est:
670 3467 773 3530 simul
799 3465 881 3548 quia
907 3465 1038 3532 sciebat
1061 3486 1178 3548 regem

232 3566 454 3644 Francorum,
473 3567 548 3650 jam
574 3567 717 3649 pridem,
751 3567 866 3630 nescio
892 3585 963 3648 qua
989 3566 1177 3644 simultate,

230 3666 294 3728 sibi
311 3667 495 3744 infensum,
511 3667 553 3730 ad
575 3686 676 3749 opem
701 3667 841 3730 obsesso
856 3665 1032 3728 ferendam
1052 3666 1177 3730 adven·

152 3834 156 3841 ,
229 3771 324 3845 tare3
348 3786 497 3849 namque
523 3766 733 3848 praedicandi
753 3765 995 3830 moderaminis
1022 3765 1179 3842 consilio,

264 4097 273 4129 ¹
290 4098 427 4149 Willelmus
443 4112 519 4146 conus
536 4093 689 4164 deliretis]
715 4097 840 4157 Compare
860 4097 972 4144 William
992 4095 1021 4145 of
1036 4093 1182 4156 sumitges,

229 4170 351 4229 william,
372 4173 453 4216 comte
477 4167 615 4228 d'Arques,
637 4182 692 4216 was
716 4167 734 4217 l.
746 4178 793 4216 v11.
812 4182 835 4216 c.
847 4170 889 4227 20,
906 4180 935 4214 as
952 4170 977 4214 to
994 4165 1036 4213 the
1056 4165 1178 4214 rebellion

229 4254 274 4288 son
284 4240 314 4287 ol
326 4239 439 4287 Richard
452 4238 489 4287 ΙΙ.
501 4236 570 4286 duke
582 4237 610 4286 cf
627 4238 692 4286 Nor·
718 4236 860 4286 mentioned
871 4237 903 4296 by
917 4236 1100 4296 Malmesbury.

229 4311 332 4372 mandy,
342 4310 376 4369 by
388 4307 428 4356 his
440 4308 508 4356 third
518 4307 588 4370 wife,
600 4307 692 4368 Papia.
