<?xml version="1.0" encoding="UTF-8"?>
<!DOCTYPE html PUBLIC "-//W3C//DTD XHTML 1.0 Transitional//EN"
    "http://www.w3.org/TR/xhtml1/DTD/xhtml1-transitional.dtd">
<html xmlns="http://www.w3.org/1999/xhtml" xml:lang="en" lang="en">
 <head>
  <title>
</title>
<meta http-equiv="Content-Type" content="text/html;charset=utf-8" />
  <meta name='ocr-system' content='tesseract 3.04.00' />
  <meta name='ocr-capabilities' content='ocr_page ocr_carea ocr_par ocr_line ocrx_word'/>
</head>
<body>
  <div class='ocr_page' id='page_1' title='image "./willelmimalmesb00hardgoog_0307.png"; bbox 0 0 3152 4970; ppageno 0'>
   <div class='ocr_carea' id='block_1_1' title="bbox 244 513 1195 594">
    <p class='ocr_par' dir='ltr' id='par_1_1' title="bbox 244 513 1195 594">
     <span class='ocr_line' id='line_1_1' title="bbox 244 513 1195 594; baseline 0.003 -20"><span class='ocrx_word' id='word_1_1' title='bbox 244 527 315 577; x_wconf 81' lang='lat' dir='ltr'><strong>nra.</strong></span> <span class='ocrx_word' id='word_1_2' title='bbox 333 513 384 594; x_wconf 92' lang='lat' dir='ltr'><strong>v.]</strong></span> <span class='ocrx_word' id='word_1_3' title='bbox 476 529 590 576; x_wconf 74' lang='lat' dir='ltr'><strong>cusan</strong></span> <span class='ocrx_word' id='word_1_4' title='bbox 614 528 741 577; x_wconf 84' lang='lat' dir='ltr'><strong>nncuu</strong></span> <span class='ocrx_word' id='word_1_5' title='bbox 765 527 978 576; x_wconf 73' lang='lat' dir='ltr'><strong>ancnonuu.</strong></span> <span class='ocrx_word' id='word_1_6' title='bbox 1131 513 1195 577; x_wconf 87' lang='lat'><strong>661</strong></span> 
     </span>
    </p>
   </div>
   <div class='ocr_carea' id='block_1_2' title="bbox 242 684 1327 805">
    <p class='ocr_par' dir='ltr' id='par_1_2' title="bbox 242 684 1327 805">
     <span class='ocr_line' id='line_1_2' title="bbox 242 684 1327 805; baseline 0 -55"><span class='ocrx_word' id='word_1_7' title='bbox 242 704 415 750; x_wconf 87' lang='lat' dir='ltr'><strong>cameram</strong></span> <span class='ocrx_word' id='word_1_8' title='bbox 431 706 509 768; x_wconf 85' lang='lat' dir='ltr'><strong>quae</strong></span> <span class='ocrx_word' id='word_1_9' title='bbox 532 693 586 749; x_wconf 88' lang='lat' dir='ltr'><strong>est</strong></span> <span class='ocrx_word' id='word_1_10' title='bbox 604 693 684 749; x_wconf 90' lang='lat' dir='ltr'><strong>ante</strong></span> <span class='ocrx_word' id='word_1_11' title='bbox 707 684 958 749; x_wconf 85' lang='lat' dir='ltr'><strong>confessionem</strong></span> <span class='ocrx_word' id='word_1_12' title='bbox 976 686 1088 751; x_wconf 90' lang='lat' dir='ltr'><strong>sancti</strong></span> <span class='ocrx_word' id='word_1_13' title='bbox 1104 685 1193 751; x_wconf 88' lang='lat' dir='ltr'><strong>Gre-</strong></span> <span class='ocrx_word' id='word_1_14' title='bbox 1204 702 1299 805; x_wconf 39' lang='lat' dir='ltr'><strong>geppe}</strong></span> <span class='ocrx_word' id='word_1_15' title='bbox 1301 706 1327 795; x_wconf 67' lang='lat'><strong>21¹.</strong></span> 
     </span>
    </p>
   </div>
   <div class='ocr_carea' id='block_1_3' title="bbox 180 785 1338 3766">
    <p class='ocr_par' dir='ltr' id='par_1_3' title="bbox 240 785 1338 1548">
     <span class='ocr_line' id='line_1_3' title="bbox 243 785 1338 868; baseline 0.001 -19"><span class='ocrx_word' id='word_1_16' title='bbox 243 787 343 867; x_wconf 84' lang='lat' dir='ltr'><strong>gorii,</strong></span> <span class='ocrx_word' id='word_1_17' title='bbox 367 794 407 850; x_wconf 89' lang='lat' dir='ltr'><strong>ut</strong></span> <span class='ocrx_word' id='word_1_18' title='bbox 428 787 476 850; x_wconf 93' lang='lat' dir='ltr'><strong>ibi</strong></span> <span class='ocrx_word' id='word_1_19' title='bbox 498 785 686 868; x_wconf 84' lang='lat' dir='ltr'>deponeret</span> <span class='ocrx_word' id='word_1_20' title='bbox 708 785 920 867; x_wconf 86' lang='lat' dir='ltr'><strong>apostolicus</strong></span> <span class='ocrx_word' id='word_1_21' title='bbox 944 805 1008 848; x_wconf 89' lang='lat' dir='ltr'><strong>sua</strong></span> <span class='ocrx_word' id='word_1_22' title='bbox 1033 788 1338 851; x_wconf 70' lang='lat' dir='ltr'><strong>sacerdo-uvidae</strong></span> 
     </span>
     <span class='ocr_line' id='line_1_4' title="bbox 243 854 1321 968; baseline 0.004 -21"><span class='ocrx_word' id='word_1_23' title='bbox 243 886 340 963; x_wconf 90' lang='lat' dir='ltr'><strong>talia,</strong></span> <span class='ocrx_word' id='word_1_24' title='bbox 357 886 546 968; x_wconf 91' lang='lat' dir='ltr'><strong>imperator</strong></span> <span class='ocrx_word' id='word_1_25' title='bbox 561 892 676 948; x_wconf 89' lang='lat' dir='ltr'><strong>autem</strong></span> <span class='ocrx_word' id='word_1_26' title='bbox 700 904 765 948; x_wconf 89' lang='lat' dir='ltr'><strong>sua</strong></span> <span class='ocrx_word' id='word_1_27' title='bbox 787 885 930 966; x_wconf 82' lang='lat' dir='ltr'><strong>regalia.</strong></span> <span class='ocrx_word' id='word_1_28' title='bbox 985 885 1191 968; x_wconf 83' lang='lat' dir='ltr'><strong>Imperatori</strong></span> <span class='ocrx_word' id='word_1_29' title='bbox 1205 854 1321 906; x_wconf 66' lang='lat' dir='ltr'><strong>P⁸⁹²¹⁵⁶⁹&#39;</strong></span> 
     </span>
     <span class='ocr_line' id='line_1_5' title="bbox 242 984 1190 1066; baseline 0.003 -18"><span class='ocrx_word' id='word_1_30' title='bbox 242 992 358 1050; x_wconf 89' lang='lat' dir='ltr'><strong>autem</strong></span> <span class='ocrx_word' id='word_1_31' title='bbox 372 985 514 1050; x_wconf 83' lang='lat' dir='ltr'>exeunti</span> <span class='ocrx_word' id='word_1_32' title='bbox 527 986 568 1048; x_wconf 90' lang='lat' dir='ltr'><strong>de</strong></span> <span class='ocrx_word' id='word_1_33' title='bbox 584 1003 732 1061; x_wconf 89' lang='lat' dir='ltr'><strong>camera,</strong></span> <span class='ocrx_word' id='word_1_34' title='bbox 748 992 783 1048; x_wconf 91' lang='lat' dir='ltr'><strong>et</strong></span> <span class='ocrx_word' id='word_1_35' title='bbox 797 985 869 1048; x_wconf 89' lang='lat' dir='ltr'><strong>suis</strong></span> <span class='ocrx_word' id='word_1_36' title='bbox 882 984 1056 1066; x_wconf 86' lang='lat' dir='ltr'><strong>regalibus</strong></span> <span class='ocrx_word' id='word_1_37' title='bbox 1071 995 1190 1066; x_wconf 86' lang='lat' dir='ltr'><strong>exuto,</strong></span> 
     </span>
     <span class='ocr_line' id='line_1_6' title="bbox 241 1084 1190 1166; baseline 0.002 -18"><span class='ocrx_word' id='word_1_38' title='bbox 241 1092 466 1149; x_wconf 88' lang='lat' dir='ltr'><strong>occurrerunt</strong></span> <span class='ocrx_word' id='word_1_39' title='bbox 487 1085 639 1149; x_wconf 91' lang='lat' dir='ltr'><strong>Romani</strong></span> <span class='ocrx_word' id='word_1_40' title='bbox 662 1084 801 1166; x_wconf 88' lang='lat' dir='ltr'><strong>patricii</strong></span> <span class='ocrx_word' id='word_1_41' title='bbox 822 1104 900 1147; x_wconf 92' lang='lat' dir='ltr'><strong>cum</strong></span> <span class='ocrx_word' id='word_1_42' title='bbox 923 1103 1027 1149; x_wconf 91' lang='lat' dir='ltr'><strong>aureo</strong></span> <span class='ocrx_word' id='word_1_43' title='bbox 1049 1086 1190 1166; x_wconf 90' lang='lat' dir='ltr'><strong>circulo,</strong></span> 
     </span>
     <span class='ocr_line' id='line_1_7' title="bbox 241 1184 1191 1268; baseline 0.003 -21"><span class='ocrx_word' id='word_1_44' title='bbox 241 1204 343 1266; x_wconf 90' lang='lat' dir='ltr'><strong>quem</strong></span> <span class='ocrx_word' id='word_1_45' title='bbox 371 1185 609 1267; x_wconf 87' lang='lat' dir='ltr'><strong>imposuerunt</strong></span> <span class='ocrx_word' id='word_1_46' title='bbox 634 1184 834 1267; x_wconf 85' lang='lat' dir='ltr'><strong>imperatori</strong></span> <span class='ocrx_word' id='word_1_47' title='bbox 861 1185 1045 1266; x_wconf 90' lang='lat' dir='ltr'><strong>incapite,</strong></span> <span class='ocrx_word' id='word_1_48' title='bbox 1072 1193 1106 1249; x_wconf 92' lang='lat' dir='ltr'><strong>et</strong></span> <span class='ocrx_word' id='word_1_49' title='bbox 1128 1207 1191 1268; x_wconf 92' lang='lat' dir='ltr'><strong>per</strong></span> 
     </span>
     <span class='ocr_line' id='line_1_8' title="bbox 241 1283 1189 1366; baseline 0.002 -19"><span class='ocrx_word' id='word_1_50' title='bbox 241 1303 319 1347; x_wconf 88' lang='lat' dir='ltr'><strong>eum</strong></span> <span class='ocrx_word' id='word_1_51' title='bbox 336 1284 505 1348; x_wconf 90' lang='lat' dir='ltr'><strong>dederunt</strong></span> <span class='ocrx_word' id='word_1_52' title='bbox 519 1284 584 1348; x_wconf 90' lang='lat' dir='ltr'><strong>sibi</strong></span> <span class='ocrx_word' id='word_1_53' title='bbox 598 1303 767 1347; x_wconf 87' lang='lat' dir='ltr'><strong>summum</strong></span> <span class='ocrx_word' id='word_1_54' title='bbox 783 1283 1003 1366; x_wconf 88' lang='lat' dir='ltr'><strong>patriciatum</strong></span> <span class='ocrx_word' id='word_1_55' title='bbox 1018 1284 1189 1350; x_wconf 82' lang='lat' dir='ltr'><strong>Romanae</strong></span> 
     </span>
     <span class='ocr_line' id='line_1_9' title="bbox 241 1383 1188 1462; baseline 0.005 -16"><span class='ocrx_word' id='word_1_56' title='bbox 241 1385 349 1462; x_wconf 91' lang='lat' dir='ltr'><strong>urbis,</strong></span> <span class='ocrx_word' id='word_1_57' title='bbox 384 1384 557 1448; x_wconf 91' lang='lat' dir='ltr'><strong>communi</strong></span> <span class='ocrx_word' id='word_1_58' title='bbox 590 1403 761 1448; x_wconf 89' lang='lat' dir='ltr'><strong>consensu</strong></span> <span class='ocrx_word' id='word_1_59' title='bbox 797 1383 950 1447; x_wconf 89' lang='lat' dir='ltr'><strong>omnium</strong></span> <span class='ocrx_word' id='word_1_60' title='bbox 988 1389 1024 1450; x_wconf 91' lang='lat' dir='ltr'><strong>et</strong></span> <span class='ocrx_word' id='word_1_61' title='bbox 1058 1385 1188 1451; x_wconf 90' lang='lat' dir='ltr'><strong>volenti</strong></span> 
     </span>
     <span class='ocr_line' id='line_1_10' title="bbox 240 1483 368 1548; baseline 0.008 -2"><span class='ocrx_word' id='word_1_62' title='bbox 240 1483 368 1548; x_wconf 88' lang='lat' dir='ltr'><strong>animo.</strong></span> 
     </span>
    </p>

    <p class='ocr_par' dir='ltr' id='par_1_4' title="bbox 239 1580 1321 2747">
     <span class='ocr_line' id='line_1_11' title="bbox 292 1580 1187 1665; baseline -0.001 -18"><span class='ocrx_word' id='word_1_63' title='bbox 292 1582 309 1665; x_wconf 84' lang='lat'>§</span> <span class='ocrx_word' id='word_1_64' title='bbox 324 1582 401 1647; x_wconf 80' lang='lat'><strong>426.</strong></span> <span class='ocrx_word' id='word_1_65' title='bbox 425 1583 571 1647; x_wconf 88' lang='lat' dir='ltr'><strong>Omnem</strong></span> <span class='ocrx_word' id='word_1_66' title='bbox 586 1580 675 1646; x_wconf 90' lang='lat' dir='ltr'><strong>hauc</strong></span> <span class='ocrx_word' id='word_1_67' title='bbox 692 1582 914 1646; x_wconf 81' lang='lat' dir='ltr'><strong>ambitionem</strong></span> <span class='ocrx_word' id='word_1_68' title='bbox 929 1582 1187 1665; x_wconf 84' lang='lat' dir='ltr'><strong>privilegiorum</strong></span> 
     </span>
     <span class='ocr_line' id='line_1_12' title="bbox 240 1681 1187 1765; baseline 0.002 -20"><span class='ocrx_word' id='word_1_69' title='bbox 240 1689 276 1746; x_wconf 88' lang='lat' dir='ltr'><strong>et</strong></span> <span class='ocrx_word' id='word_1_70' title='bbox 289 1683 571 1760; x_wconf 87' lang='lat' dir='ltr'><strong>consecrationis,</strong></span> <span class='ocrx_word' id='word_1_71' title='bbox 585 1682 691 1745; x_wconf 88' lang='lat' dir='ltr'><strong>verbo</strong></span> <span class='ocrx_word' id='word_1_72' title='bbox 706 1681 901 1764; x_wconf 88' lang='lat' dir='ltr'><strong>descriptis</strong></span> <span class='ocrx_word' id='word_1_73' title='bbox 918 1682 1056 1765; x_wconf 85' lang='lat' dir='ltr'><strong>praefati</strong></span> <span class='ocrx_word' id='word_1_74' title='bbox 1071 1683 1187 1748; x_wconf 93' lang='lat' dir='ltr'><strong>David</strong></span> 
     </span>
     <span class='ocr_line' id='line_1_13' title="bbox 239 1778 1187 1867; baseline 0.002 -23"><span class='ocrx_word' id='word_1_75' title='bbox 239 1783 415 1859; x_wconf 88' lang='lat' dir='ltr'><strong>transtuli,</strong></span> <span class='ocrx_word' id='word_1_76' title='bbox 427 1802 505 1864; x_wconf 91' lang='lat' dir='ltr'><strong>quae</strong></span> <span class='ocrx_word' id='word_1_77' title='bbox 522 1782 580 1845; x_wconf 92' lang='lat' dir='ltr'><strong>ille</strong></span> <span class='ocrx_word' id='word_1_78' title='bbox 594 1779 651 1867; x_wconf 91' lang='lat' dir='ltr'><strong>(ut</strong></span> <span class='ocrx_word' id='word_1_79' title='bbox 667 1778 759 1866; x_wconf 87' lang='lat' dir='ltr'><strong>dixi)</strong></span> <span class='ocrx_word' id='word_1_80' title='bbox 773 1782 916 1864; x_wconf 90' lang='lat' dir='ltr'><strong>pronius</strong></span> <span class='ocrx_word' id='word_1_81' title='bbox 928 1802 1032 1864; x_wconf 91' lang='lat' dir='ltr'><strong>quam</strong></span> <span class='ocrx_word' id='word_1_82' title='bbox 1048 1782 1187 1847; x_wconf 84' lang='lat' dir='ltr'><strong>deberet</strong></span> 
     </span>
     <span class='ocr_line' id='line_1_14' title="bbox 241 1880 1321 1964; baseline 0.001 -19"><span class='ocrx_word' id='word_1_83' title='bbox 241 1881 285 1946; x_wconf 86' lang='lat' dir='ltr'><strong>ad</strong></span> <span class='ocrx_word' id='word_1_84' title='bbox 309 1883 457 1964; x_wconf 84' lang='lat' dir='ltr'><strong>gratiam</strong></span> <span class='ocrx_word' id='word_1_85' title='bbox 482 1883 574 1964; x_wconf 83' lang='lat' dir='ltr'><strong>regis</strong></span> <span class='ocrx_word' id='word_1_86' title='bbox 598 1880 756 1945; x_wconf 89' lang='lat' dir='ltr'><strong>inflectit.</strong></span> <span class='ocrx_word' id='word_1_87' title='bbox 808 1881 973 1964; x_wconf 88' lang='lat' dir='ltr'><strong>Sequenti</strong></span> <span class='ocrx_word' id='word_1_88' title='bbox 989 1902 1073 1945; x_wconf 87' lang='lat' dir='ltr'><strong>vero</strong></span> <span class='ocrx_word' id='word_1_89' title='bbox 1095 1901 1186 1946; x_wconf 87' lang='lat' dir='ltr'><strong>auno</strong></span> <span class='ocrx_word' id='word_1_90' title='bbox 1199 1895 1321 1937; x_wconf 55' lang='grc' dir='ltr'><strong>ΔΝΜ.</strong></span> 
     </span>
     <span class='ocr_line' id='line_1_15' title="bbox 239 1980 1186 2064; baseline 0.001 -19"><span class='ocrx_word' id='word_1_91' title='bbox 239 1989 489 2064; x_wconf 80' lang='lat' dir='ltr'><strong>congregatum</strong></span> <span class='ocrx_word' id='word_1_92' title='bbox 504 1989 558 2046; x_wconf 90' lang='lat' dir='ltr'><strong>est</strong></span> <span class='ocrx_word' id='word_1_93' title='bbox 572 1981 754 2045; x_wconf 90' lang='lat' dir='ltr'><strong>concilium</strong></span> <span class='ocrx_word' id='word_1_94' title='bbox 773 1980 907 2059; x_wconf 88' lang='lat' dir='ltr'><strong>Romae,</strong></span> <span class='ocrx_word' id='word_1_95' title='bbox 922 2002 990 2046; x_wconf 89' lang='lat' dir='ltr'><strong>nou</strong></span> <span class='ocrx_word' id='word_1_96' title='bbox 1007 1989 1079 2045; x_wconf 89' lang='lat' dir='ltr'><strong>tam</strong></span> <span class='ocrx_word' id='word_1_97' title='bbox 1096 2003 1186 2064; x_wconf 90' lang='lat' dir='ltr'><strong>prae-</strong></span> 
     </span>
     <span class='ocr_line' id='line_1_16' title="bbox 239 2080 1186 2164; baseline 0.001 -20"><span class='ocrx_word' id='word_1_98' title='bbox 239 2081 388 2164; x_wconf 89' lang='lat' dir='ltr'><strong>cipiente</strong></span> <span class='ocrx_word' id='word_1_99' title='bbox 411 2101 515 2164; x_wconf 90' lang='lat' dir='ltr'><strong>quam</strong></span> <span class='ocrx_word' id='word_1_100' title='bbox 545 2080 751 2145; x_wconf 89' lang='lat' dir='ltr'><strong>connivente</strong></span> <span class='ocrx_word' id='word_1_101' title='bbox 778 2100 883 2164; x_wconf 89' lang='lat' dir='ltr'><strong>papa,</strong></span> <span class='ocrx_word' id='word_1_102' title='bbox 908 2088 943 2144; x_wconf 92' lang='lat' dir='ltr'><strong>et</strong></span> <span class='ocrx_word' id='word_1_103' title='bbox 967 2081 1186 2164; x_wconf 78' lang='lat' dir='ltr'><strong>privilegium</strong></span> 
     </span>
     <span class='ocr_line' id='line_1_17' title="bbox 239 2178 1259 2265; baseline 0.002 -21"><span class='ocrx_word' id='word_1_104' title='bbox 239 2181 325 2244; x_wconf 90' lang='lat' dir='ltr'><strong>illud</strong></span> <span class='ocrx_word' id='word_1_105' title='bbox 341 2180 476 2245; x_wconf 90' lang='lat' dir='ltr'><strong>irritum</strong></span> <span class='ocrx_word' id='word_1_106' title='bbox 490 2181 621 2245; x_wconf 88' lang='lat' dir='ltr'><strong>factum</strong></span> <span class='ocrx_word' id='word_1_107' title='bbox 639 2187 703 2245; x_wconf 85' lang='lat' dir='ltr'><strong>ast.</strong></span> <span class='ocrx_word' id='word_1_108' title='bbox 741 2178 914 2245; x_wconf 87' lang='lat' dir='ltr'><strong>Auctores</strong></span> <span class='ocrx_word' id='word_1_109' title='bbox 931 2180 1027 2244; x_wconf 86' lang='lat' dir='ltr'><strong>fuere</strong></span> <span class='ocrx_word' id='word_1_110' title='bbox 1043 2181 1187 2265; x_wconf 87' lang='lat' dir='ltr'><strong>hujusce</strong></span> <span class='ocrx_word' id='word_1_111' title='bbox 1253 2181 1259 2188; x_wconf 87' lang='lat'>&#39;</span> 
     </span>
     <span class='ocr_line' id='line_1_18' title="bbox 240 2273 1187 2364; baseline 0.003 -21"><span class='ocrx_word' id='word_1_112' title='bbox 240 2282 442 2346; x_wconf 88' lang='lat' dir='ltr'><strong>mutationis</strong></span> <span class='ocrx_word' id='word_1_113' title='bbox 453 2281 730 2364; x_wconf 87' lang='lat' dir='ltr'><strong>archiepiscopus</strong></span> <span class='ocrx_word' id='word_1_114' title='bbox 742 2273 981 2358; x_wconf 88' lang='lat' dir='ltr'><strong>¹Viennensis,</strong></span> <span class='ocrx_word' id='word_1_115' title='bbox 993 2281 1052 2363; x_wconf 91' lang='lat' dir='ltr'><strong>qui</strong></span> <span class='ocrx_word' id='word_1_116' title='bbox 1065 2290 1187 2363; x_wconf 88' lang='lat' dir='ltr'><strong>postea</strong></span> 
     </span>
     <span class='ocr_line' id='line_1_19' title="bbox 239 2380 1187 2464; baseline 0.001 -20"><span class='ocrx_word' id='word_1_117' title='bbox 239 2380 355 2444; x_wconf 87' lang='lat' dir='ltr'><strong>sedem</strong></span> <span class='ocrx_word' id='word_1_118' title='bbox 378 2382 604 2464; x_wconf 85' lang='lat' dir='ltr'><strong>apostolicam</strong></span> <span class='ocrx_word' id='word_1_119' title='bbox 627 2381 731 2457; x_wconf 80' lang='lat' dir='ltr'><strong>rexit,</strong></span> <span class='ocrx_word' id='word_1_120' title='bbox 758 2388 794 2443; x_wconf 92' lang='lat' dir='ltr'><strong>et</strong></span> <span class='ocrx_word' id='word_1_121' title='bbox 817 2381 1000 2462; x_wconf 88' lang='lat' dir='ltr'><strong>episcopus</strong></span> <span class='ocrx_word' id='word_1_122' title='bbox 1025 2381 1187 2463; x_wconf 85' lang='lat' dir='ltr'><strong>Engolis-</strong></span> 
     </span>
     <span class='ocr_line' id='line_1_20' title="bbox 240 2479 1186 2563; baseline 0.003 -20"><span class='ocrx_word' id='word_1_123' title='bbox 240 2481 380 2558; x_wconf 86' lang='lat' dir='ltr'><strong>mensis,</strong></span> <span class='ocrx_word' id='word_1_124' title='bbox 395 2480 565 2545; x_wconf 86' lang='lat' dir='ltr'><strong>Girardus</strong></span> <span class='ocrx_word' id='word_1_125' title='bbox 577 2481 725 2557; x_wconf 91' lang='lat' dir='ltr'><strong>nomine,</strong></span> <span class='ocrx_word' id='word_1_126' title='bbox 743 2479 803 2562; x_wconf 89' lang='lat' dir='ltr'><strong>qui</strong></span> <span class='ocrx_word' id='word_1_127' title='bbox 817 2480 1039 2563; x_wconf 85' lang='lat' dir='ltr'><strong>coepiscopos</strong></span> <span class='ocrx_word' id='word_1_128' title='bbox 1054 2481 1097 2545; x_wconf 93' lang='lat' dir='ltr'><strong>ad</strong></span> <span class='ocrx_word' id='word_1_129' title='bbox 1112 2480 1186 2546; x_wconf 87' lang='lat' dir='ltr'><strong>haec</strong></span> 
     </span>
     <span class='ocr_line' id='line_1_21' title="bbox 240 2579 1186 2664; baseline 0.002 -20"><span class='ocrx_word' id='word_1_130' title='bbox 240 2581 472 2647; x_wconf 84' lang='lat' dir='ltr'><strong>exinanienda</strong></span> <span class='ocrx_word' id='word_1_131' title='bbox 485 2581 681 2646; x_wconf 86' lang='lat' dir='ltr'><strong>irritabant.</strong></span> <span class='ocrx_word' id='word_1_132' title='bbox 734 2579 822 2664; x_wconf 89' lang='lat' dir='ltr'><strong>Ejus</strong></span> <span class='ocrx_word' id='word_1_133' title='bbox 837 2599 920 2662; x_wconf 83' lang='lat' dir='ltr'><strong>ergo</strong></span> <span class='ocrx_word' id='word_1_134' title='bbox 942 2581 1079 2646; x_wconf 90' lang='lat' dir='ltr'><strong>concilii</strong></span> <span class='ocrx_word' id='word_1_135' title='bbox 1094 2583 1186 2646; x_wconf 88' lang='lat' dir='ltr'><strong>actio</strong></span> 
     </span>
     <span class='ocr_line' id='line_1_22' title="bbox 239 2677 397 2747; baseline 0.025 -5"><span class='ocrx_word' id='word_1_136' title='bbox 239 2677 314 2744; x_wconf 89' lang='lat' dir='ltr'><strong>haec</strong></span> <span class='ocrx_word' id='word_1_137' title='bbox 332 2688 397 2747; x_wconf 89' lang='lat' dir='ltr'><strong>est.</strong></span> 
     </span>
    </p>

    <p class='ocr_par' dir='ltr' id='par_1_5' title="bbox 232 2780 1321 3560">
     <span class='ocr_line' id='line_1_23' title="bbox 290 2780 1314 2884; baseline -0.001 -38"><span class='ocrx_word' id='word_1_138' title='bbox 290 2780 398 2864; x_wconf 53' lang='lat'><strong>§422</strong></span> <span class='ocrx_word' id='word_1_139' title='bbox 417 2781 520 2846; x_wconf 90' lang='lat' dir='ltr'><strong>Auno</strong></span> <span class='ocrx_word' id='word_1_140' title='bbox 536 2782 579 2845; x_wconf 89' lang='lat' dir='ltr'><strong>ab</strong></span> <span class='ocrx_word' id='word_1_141' title='bbox 594 2780 832 2846; x_wconf 87' lang='lat' dir='ltr'><strong>incarnatione</strong></span> <span class='ocrx_word' id='word_1_142' title='bbox 847 2780 990 2845; x_wconf 91' lang='lat' dir='ltr'><strong>Domini</strong></span> <span class='ocrx_word' id='word_1_143' title='bbox 1005 2780 1186 2845; x_wconf 89' lang='lat' dir='ltr'><strong>millesimo</strong></span> <span class='ocrx_word' id='word_1_144' title='bbox 1199 2795 1314 2884; x_wconf 54' lang='lat' dir='ltr'><strong>{gggsstffl</strong></span> 
     </span>
     <span class='ocr_line' id='line_1_24' title="bbox 239 2871 1321 2985; baseline 0.002 -42"><span class='ocrx_word' id='word_1_145' title='bbox 239 2883 426 2946; x_wconf 87' lang='lat' dir='ltr'><strong>centesimo</strong></span> <span class='ocrx_word' id='word_1_146' title='bbox 456 2882 671 2960; x_wconf 88' lang='lat' dir='ltr'><strong>duodecimo,</strong></span> <span class='ocrx_word' id='word_1_147' title='bbox 704 2881 891 2944; x_wconf 91' lang='lat' dir='ltr'><strong>indictione</strong></span> <span class='ocrx_word' id='word_1_148' title='bbox 929 2881 1063 2963; x_wconf 89' lang='lat' dir='ltr'><strong>quinta,</strong></span> <span class='ocrx_word' id='word_1_149' title='bbox 1094 2901 1186 2945; x_wconf 91' lang='lat' dir='ltr'><strong>anno</strong></span> <span class='ocrx_word' id='word_1_150' title='bbox 1199 2871 1321 2985; x_wconf 56' lang='lat' dir='ltr'><strong>pptpffi&#39;</strong></span> 
     </span>
     <span class='ocr_line' id='line_1_25' title="bbox 238 2971 1321 3064; baseline -0.004 -16"><span class='ocrx_word' id='word_1_151' title='bbox 238 2971 477 3062; x_wconf 84' lang='lat' dir='ltr'><strong>²pontificatus</strong></span> <span class='ocrx_word' id='word_1_152' title='bbox 494 2981 621 3045; x_wconf 90' lang='lat' dir='ltr'><strong>domini</strong></span> <span class='ocrx_word' id='word_1_153' title='bbox 643 3001 744 3064; x_wconf 90' lang='lat' dir='ltr'><strong>papae</strong></span> <span class='ocrx_word' id='word_1_154' title='bbox 763 2980 943 3044; x_wconf 90' lang='lat' dir='ltr'><strong>Paschalis</strong></span> <span class='ocrx_word' id='word_1_155' title='bbox 959 2982 1101 3045; x_wconf 90' lang='lat' dir='ltr'><strong>secundi</strong></span> <span class='ocrx_word' id='word_1_156' title='bbox 1117 2989 1186 3045; x_wconf 91' lang='lat' dir='ltr'><strong>ter·</strong></span> <span class='ocrx_word' id='word_1_157' title='bbox 1220 2973 1255 2985; x_wconf 80' lang='lat'><strong>&#39;&#39;</strong></span> <span class='ocrx_word' id='word_1_158' title='bbox 1317 2972 1321 2983; x_wconf 81' lang='grc'><strong>’</strong></span> 
     </span>
     <span class='ocr_line' id='line_1_26' title="bbox 238 3077 1187 3161; baseline 0.002 -19"><span class='ocrx_word' id='word_1_159' title='bbox 238 3077 433 3157; x_wconf 87' lang='lat' dir='ltr'><strong>tiodecimo,</strong></span> <span class='ocrx_word' id='word_1_160' title='bbox 451 3100 567 3143; x_wconf 90' lang='lat' dir='ltr'><strong>mense</strong></span> <span class='ocrx_word' id='word_1_161' title='bbox 586 3080 729 3155; x_wconf 87' lang='lat' dir='ltr'><strong>Martio,</strong></span> <span class='ocrx_word' id='word_1_162' title='bbox 744 3080 999 3161; x_wconf 90' lang='lat' dir='ltr'><strong>quintodecimo</strong></span> <span class='ocrx_word' id='word_1_163' title='bbox 1020 3078 1187 3144; x_wconf 84' lang='lat' dir='ltr'><strong>kalendas</strong></span> 
     </span>
     <span class='ocr_line' id='line_1_27' title="bbox 240 3175 1186 3261; baseline 0.001 -19"><span class='ocrx_word' id='word_1_164' title='bbox 240 3175 384 3261; x_wconf 66' lang='lat' dir='ltr'><strong>Aprilis</strong></span> <span class='ocrx_word' id='word_1_165' title='bbox 410 3179 620 3242; x_wconf 89' lang='lat' dir='ltr'><strong>celebratum</strong></span> <span class='ocrx_word' id='word_1_166' title='bbox 645 3185 699 3241; x_wconf 87' lang='lat' dir='ltr'><strong>est</strong></span> <span class='ocrx_word' id='word_1_167' title='bbox 725 3179 907 3241; x_wconf 88' lang='lat' dir='ltr'><strong>concilium</strong></span> <span class='ocrx_word' id='word_1_168' title='bbox 934 3178 1057 3244; x_wconf 88' lang='lat' dir='ltr'><strong>Romae</strong></span> <span class='ocrx_word' id='word_1_169' title='bbox 1082 3180 1186 3243; x_wconf 90' lang='lat' dir='ltr'><strong>Late·</strong></span> 
     </span>
     <span class='ocr_line' id='line_1_28' title="bbox 232 3271 1186 3359; baseline 0.003 -20"><span class='ocrx_word' id='word_1_170' title='bbox 232 3279 334 3340; x_wconf 86' lang='lat' dir='ltr'><strong>ranis</strong></span> <span class='ocrx_word' id='word_1_171' title='bbox 357 3279 394 3342; x_wconf 93' lang='lat' dir='ltr'><strong>in</strong></span> <span class='ocrx_word' id='word_1_172' title='bbox 409 3271 570 3341; x_wconf 78' lang='lat' dir='ltr'><strong>³basilica</strong></span> <span class='ocrx_word' id='word_1_173' title='bbox 593 3276 892 3341; x_wconf 87' lang='lat' dir='ltr'><strong>Constantiniana.</strong></span> <span class='ocrx_word' id='word_1_174' title='bbox 946 3277 989 3340; x_wconf 92' lang='lat' dir='ltr'><strong>Iu</strong></span> <span class='ocrx_word' id='word_1_175' title='bbox 1012 3298 1082 3359; x_wconf 88' lang='lat' dir='ltr'><strong>qna</strong></span> <span class='ocrx_word' id='word_1_176' title='bbox 1108 3298 1186 3342; x_wconf 89' lang='lat' dir='ltr'><strong>cum</strong></span> 
     </span>
     <span class='ocr_line' id='line_1_29' title="bbox 239 3376 1186 3460; baseline 0.002 -21"><span class='ocrx_word' id='word_1_177' title='bbox 239 3376 398 3441; x_wconf 91' lang='lat' dir='ltr'><strong>dominus</strong></span> <span class='ocrx_word' id='word_1_178' title='bbox 422 3397 515 3460; x_wconf 89' lang='lat' dir='ltr'><strong>papa</strong></span> <span class='ocrx_word' id='word_1_179' title='bbox 538 3376 719 3440; x_wconf 89' lang='lat' dir='ltr'><strong>Paschalis</strong></span> <span class='ocrx_word' id='word_1_180' title='bbox 747 3376 943 3453; x_wconf 87' lang='lat' dir='ltr'><strong>resedisset,</strong></span> <span class='ocrx_word' id='word_1_181' title='bbox 972 3397 1051 3440; x_wconf 92' lang='lat' dir='ltr'><strong>cum</strong></span> <span class='ocrx_word' id='word_1_182' title='bbox 1075 3379 1186 3442; x_wconf 88' lang='lat' dir='ltr'><strong>archi-</strong></span> 
     </span>
     <span class='ocr_line' id='line_1_30' title="bbox 239 3475 1188 3560; baseline 0.002 -22"><span class='ocrx_word' id='word_1_183' title='bbox 239 3476 424 3560; x_wconf 87' lang='lat' dir='ltr'><strong>episcopis,</strong></span> <span class='ocrx_word' id='word_1_184' title='bbox 449 3484 484 3544; x_wconf 91' lang='lat' dir='ltr'><strong>et</strong></span> <span class='ocrx_word' id='word_1_185' title='bbox 508 3477 691 3560; x_wconf 87' lang='lat' dir='ltr'><strong>episcopis,</strong></span> <span class='ocrx_word' id='word_1_186' title='bbox 717 3483 751 3540; x_wconf 91' lang='lat' dir='ltr'><strong>et</strong></span> <span class='ocrx_word' id='word_1_187' title='bbox 771 3475 1016 3554; x_wconf 88' lang='lat' dir='ltr'><strong>cardinalibus,</strong></span> <span class='ocrx_word' id='word_1_188' title='bbox 1037 3485 1071 3542; x_wconf 92' lang='lat' dir='ltr'><strong>et</strong></span> <span class='ocrx_word' id='word_1_189' title='bbox 1089 3479 1188 3542; x_wconf 88' lang='lat' dir='ltr'><strong>varia</strong></span> 
     </span>
    </p>

    <p class='ocr_par' dir='ltr' id='par_1_6' title="bbox 180 3575 1187 3766">
     <span class='ocr_line' id='line_1_31' title="bbox 180 3575 1187 3653; baseline 0 -11"><span class='ocrx_word' id='word_1_190' title='bbox 180 3639 181 3642; x_wconf 74' lang='grc'>,</span> <span class='ocrx_word' id='word_1_191' title='bbox 239 3576 458 3642; x_wconf 90' lang='lat' dir='ltr'><strong>multitudine</strong></span> <span class='ocrx_word' id='word_1_192' title='bbox 488 3577 689 3641; x_wconf 89' lang='lat' dir='ltr'><strong>clericorum</strong></span> <span class='ocrx_word' id='word_1_193' title='bbox 717 3583 754 3640; x_wconf 89' lang='lat' dir='ltr'><strong>et</strong></span> <span class='ocrx_word' id='word_1_194' title='bbox 782 3575 961 3653; x_wconf 89' lang='lat' dir='ltr'><strong>laicorum,</strong></span> <span class='ocrx_word' id='word_1_195' title='bbox 987 3577 1110 3641; x_wconf 92' lang='lat' dir='ltr'><strong>ultima</strong></span> <span class='ocrx_word' id='word_1_196' title='bbox 1132 3577 1187 3642; x_wconf 94' lang='lat' dir='ltr'><strong>die</strong></span> 
     </span>
     <span class='ocr_line' id='line_1_32' title="bbox 224 3675 1187 3766; baseline 0.003 -28"><span class='ocrx_word' id='word_1_197' title='bbox 224 3677 386 3766; x_wconf 91' lang='lat' dir='ltr'><strong>concilii,</strong></span> <span class='ocrx_word' id='word_1_198' title='bbox 403 3677 497 3743; x_wconf 88' lang='lat' dir='ltr'><strong>facta</strong></span> <span class='ocrx_word' id='word_1_199' title='bbox 516 3696 632 3741; x_wconf 88' lang='lat' dir='ltr'><strong>coram</strong></span> <span class='ocrx_word' id='word_1_200' title='bbox 650 3675 809 3740; x_wconf 90' lang='lat' dir='ltr'><strong>omnibns</strong></span> <span class='ocrx_word' id='word_1_201' title='bbox 831 3675 1044 3757; x_wconf 85' lang='lat' dir='ltr'><strong>professione</strong></span> <span class='ocrx_word' id='word_1_202' title='bbox 1067 3678 1187 3743; x_wconf 85' lang='lat' dir='ltr'><strong>catho-</strong></span> 
     </span>
    </p>
   </div>
   <div class='ocr_carea' id='block_1_4' title="bbox 238 3773 1185 3859">
    <p class='ocr_par' dir='ltr' id='par_1_7' title="bbox 238 3773 1185 3859">
     <span class='ocr_line' id='line_1_33' title="bbox 238 3773 1185 3859; baseline 0.004 -22"><span class='ocrx_word' id='word_1_203' title='bbox 238 3773 314 3839; x_wconf 89' lang='lat' dir='ltr'><strong>licae</strong></span> <span class='ocrx_word' id='word_1_204' title='bbox 329 3775 421 3854; x_wconf 89' lang='lat' dir='ltr'><strong>fidei,</strong></span> <span class='ocrx_word' id='word_1_205' title='bbox 434 3798 477 3842; x_wconf 90' lang='lat' dir='ltr'><strong>ne</strong></span> <span class='ocrx_word' id='word_1_206' title='bbox 492 3777 570 3859; x_wconf 90' lang='lat' dir='ltr'><strong>quis</strong></span> <span class='ocrx_word' id='word_1_207' title='bbox 591 3778 635 3840; x_wconf 93' lang='lat' dir='ltr'><strong>de</strong></span> <span class='ocrx_word' id='word_1_208' title='bbox 656 3775 724 3840; x_wconf 88' lang='lat' dir='ltr'><strong>fide</strong></span> <span class='ocrx_word' id='word_1_209' title='bbox 748 3775 857 3858; x_wconf 89' lang='lat' dir='ltr'><strong>ipsius</strong></span> <span class='ocrx_word' id='word_1_210' title='bbox 874 3776 1059 3853; x_wconf 88' lang='lat' dir='ltr'><strong>dubitaret,</strong></span> <span class='ocrx_word' id='word_1_211' title='bbox 1076 3777 1185 3841; x_wconf 87' lang='lat' dir='ltr'><strong>dixit:</strong></span> 
     </span>
    </p>
   </div>
   <div class='ocr_carea' id='block_1_5' title="bbox 273 4029 1189 4123">
    <p class='ocr_par' dir='ltr' id='par_1_8' title="bbox 273 4029 1189 4123">
     <span class='ocr_line' id='line_1_34' title="bbox 273 4029 1189 4123; baseline -0.003 -37"><span class='ocrx_word' id='word_1_212' title='bbox 273 4059 463 4123; x_wconf 37' lang='lat' dir='ltr'><strong>imma]</strong></span> <span class='ocrx_word' id='word_1_213' title='bbox 480 4058 514 4110; x_wconf 48' lang='lat' dir='ltr'><strong>A·</strong></span> <span class='ocrx_word' id='word_1_214' title='bbox 531 4059 605 4110; x_wconf 49' lang='lat' dir='ltr'><strong>M·</strong></span> <span class='ocrx_word' id='word_1_215' title='bbox 621 4059 657 4108; x_wconf 49' lang='lat' dir='ltr'><strong>D·</strong></span> <span class='ocrx_word' id='word_1_216' title='bbox 669 4060 701 4108; x_wconf 73' lang='grc' dir='ltr'><strong>Ει</strong></span> <span class='ocrx_word' id='word_1_217' title='bbox 759 4029 966 4098; x_wconf 74' lang='lat' dir='ltr'><strong>²Pontt‘ficatna.]</strong></span> <span class='ocrx_word' id='word_1_218' title='bbox 992 4033 1026 4083; x_wconf 76' lang='lat' dir='ltr'><strong>A.</strong></span> <span class='ocrx_word' id='word_1_219' title='bbox 1050 4035 1080 4084; x_wconf 82' lang='lat' dir='ltr'><strong>C.</strong></span> <span class='ocrx_word' id='word_1_220' title='bbox 1101 4033 1136 4082; x_wconf 90' lang='lat' dir='ltr'><strong>D.</strong></span> <span class='ocrx_word' id='word_1_221' title='bbox 1159 4035 1189 4084; x_wconf 83' lang='grc' dir='ltr'><strong>Ε.</strong></span> 
     </span>
    </p>
   </div>
   <div class='ocr_carea' id='block_1_6' title="bbox 228 4102 1191 4323">
    <p class='ocr_par' dir='ltr' id='par_1_9' title="bbox 228 4102 1191 4323">
     <span class='ocr_line' id='line_1_35' title="bbox 236 4102 1056 4222; baseline 0.001 -41"><span class='ocrx_word' id='word_1_222' title='bbox 236 4133 259 4180; x_wconf 83' lang='lat'><strong>1.</strong></span> <span class='ocrx_word' id='word_1_223' title='bbox 272 4135 311 4193; x_wconf 62' lang='lat'><strong>23</strong></span> <span class='ocrx_word' id='word_1_224' title='bbox 343 4130 555 4194; x_wconf 79' lang='lat' dir='ltr'><strong>Engolismensis,</strong></span> <span class='ocrx_word' id='word_1_225' title='bbox 585 4129 614 4180; x_wconf 76' lang='lat' dir='ltr'><strong>S.</strong></span> <span class='ocrx_word' id='word_1_226' title='bbox 637 4127 700 4196; x_wconf 82' lang='lat' dir='ltr'><strong>(var.</strong></span> <span class='ocrx_word' id='word_1_227' title='bbox 725 4102 997 4222; x_wconf 45' lang='lat' dir='ltr'><strong>Lfffflndttedins&#39;</strong></span> <span class='ocrx_word' id='word_1_228' title='bbox 1023 4171 1028 4183; x_wconf 90' lang='lat'><strong>.</strong></span> <span class='ocrx_word' id='word_1_229' title='bbox 1050 4171 1056 4182; x_wconf 88' lang='lat'><strong>.</strong></span> 
     </span>
     <span class='ocr_line' id='line_1_36' title="bbox 233 4171 1190 4265; baseline 0 -45"><span class='ocrx_word' id='word_1_230' title='bbox 233 4198 352 4265; x_wconf 52' lang='lat' dir='ltr'><strong>lm)—</strong></span> <span class='ocrx_word' id='word_1_231' title='bbox 364 4201 523 4251; x_wconf 58' lang='lat' dir='ltr'>Astemrds</span> <span class='ocrx_word' id='word_1_232' title='bbox 555 4201 627 4263; x_wconf 58' lang='lat' dir='ltr'><strong>pope</strong></span> <span class='ocrx_word' id='word_1_233' title='bbox 655 4199 703 4248; x_wconf 52' lang='lat' dir='ltr'><strong>ca,</strong></span> <span class='ocrx_word' id='word_1_234' title='bbox 805 4175 890 4256; x_wconf 67' lang='lat' dir='ltr'><strong>malaca</strong></span> <span class='ocrx_word' id='word_1_235' title='bbox 899 4173 1125 4253; x_wconf 59' lang='lat' dir='ltr'><strong>Cremonamue]</strong></span> <span class='ocrx_word' id='word_1_236' title='bbox 1136 4171 1190 4220; x_wconf 86' lang='lat' dir='ltr'><strong>The</strong></span> 
     </span>
     <span class='ocr_line' id='line_1_37' title="bbox 228 4243 1191 4323; baseline 0.001 -32"><span class='ocrx_word' id='word_1_237' title='bbox 228 4271 312 4322; x_wconf 56' lang='lat' dir='ltr'>lmus</span> <span class='ocrx_word' id='word_1_238' title='bbox 325 4272 362 4323; x_wconf 46' lang='grc' dir='ltr'><strong>Π·</strong></span> <span class='ocrx_word' id='word_1_239' title='bbox 727 4243 821 4292; x_wconf 86' lang='lat' dir='ltr'><strong>church</strong></span> <span class='ocrx_word' id='word_1_240' title='bbox 838 4244 905 4293; x_wconf 85' lang='lat' dir='ltr'><strong>burlt</strong></span> <span class='ocrx_word' id='word_1_241' title='bbox 920 4244 955 4305; x_wconf 87' lang='lat' dir='ltr'><strong>by</strong></span> <span class='ocrx_word' id='word_1_242' title='bbox 966 4243 1129 4292; x_wconf 80' lang='lat' dir='ltr'><strong>Constautme</strong></span> <span class='ocrx_word' id='word_1_243' title='bbox 1148 4243 1191 4292; x_wconf 89' lang='lat' dir='ltr'><strong>the</strong></span> 
     </span>
    </p>
   </div>
   <div class='ocr_carea' id='block_1_7' title="bbox 728 4313 1040 4450">
    <p class='ocr_par' dir='ltr' id='par_1_10' title="bbox 728 4313 1040 4450">
     <span class='ocr_line' id='line_1_38' title="bbox 728 4313 816 4364; baseline 0 0"><span class='ocrx_word' id='word_1_244' title='bbox 728 4313 816 4364; x_wconf 84' lang='lat' dir='ltr'><strong>Great.</strong></span> 
     </span>
     <span class='ocr_line' id='line_1_39' title="bbox 976 4387 1040 4450; baseline -0.016 0"><span class='ocrx_word' id='word_1_245' title='bbox 976 4387 998 4450; x_wconf 79' lang='lat'><strong>2</strong></span> <span class='ocrx_word' id='word_1_246' title='bbox 1015 4401 1040 4449; x_wconf 82' lang='lat' dir='ltr'>x</span> 
     </span>
    </p>
   </div>
   <div class='ocr_carea' id='block_1_8' title="bbox 0 0 1580 4970">
    <p class='ocr_par' dir='ltr' id='par_1_11' title="bbox 0 0 1580 4970">
     <span class='ocr_line' id='line_1_40' title="bbox 0 0 1580 4970; baseline 0 1"><span class='ocrx_word' id='word_1_247' title='bbox 0 0 1580 4970; x_wconf 95' lang='lat' dir='ltr'><strong> </strong></span> 
     </span>
    </p>
   </div>
  </div>
 </body>
</html>
