3152 4970
250 493 318 540 ma.
335 473 378 558 1.]
538 489 712 539 ursnonia
734 489 911 538 novumn.
1133 473 1200 542 697,

249 657 321 717 tam
339 648 518 731 conspexi,
534 654 570 712 et
585 655 727 712 auctore
745 648 822 712 Deo
832 645 1053 712 confirmavi.
1091 645 1197 710 Hunc

251 749 398 813 ecclesia
414 748 560 830 suscipit
574 754 610 812 et
622 753 829 812 veneratur:
846 747 938 811 hunc
953 766 1015 829 per
1033 746 1099 810 Dei
1115 764 1196 827 gra-

148 893 154 902 ·
249 849 333 912 tiam
361 848 527 931 episcopi,
556 848 712 926 abbates,
738 846 924 929 principes,
950 845 1136 929 capitanei,
1160 851 1195 918 et

247 947 408 1026 barones,
423 947 564 1032 quidam
586 965 648 1029 per
670 965 709 1012 se
730 947 838 1029 ipsos,
860 945 1001 1028 quidam
1022 965 1086 1027 per
1106 963 1195 1008 nun-

248 1047 320 1112 cios
334 1065 429 1125 suos,
445 1046 642 1112 videntibus
657 1046 757 1109 nobis
772 1045 1005 1130 frequentant.
1050 1044 1195 1125 Depraea

247 1145 423 1210 dationem
439 1145 536 1209 illam
559 1152 594 1209 et
616 1143 867 1221 crudelitatem,
884 1163 989 1228 quam
1008 1143 1195 1226 praetendi·

247 1243 561 1322 tianonvidemus.
592 1243 799 1326 Quicunque
809 1243 853 1308 ad
862 1262 939 1311 eum
948 1261 1011 1326 pro
1020 1241 1196 1324 responsis

246 1362 309 1407 sen
322 1344 471 1426 negotiis
482 1344 554 1407 suis
566 1344 710 1408 veniunt
720 1343 868 1424 benigne
878 1341 1125 1424 suscipiuntur,
1137 1342 1196 1404 be·-

248 1443 387 1531 nignius
403 1449 636 1508 revertuntur.
689 1441 828 1524 Redite,
837 1440 912 1524 jam
928 1441 1038 1504 redite
1054 1439 1099 1503 ad
1115 1459 1193 1504 cor:
1272 1471 1274 1475 ·
1358 1511 1363 1522 ,

246 1540 354 1614 nolite
377 1542 527 1609 schisma
548 1541 586 1624 iri
608 1540 755 1605 ecclesia
776 1539 906 1620 facere3
934 1539 978 1602 ad
1002 1539 1195 1602 animarum

245 1641 503 1704 subversionem
520 1639 627 1704 nolite
643 1639 788 1703 ulterius
802 1639 983 1704 laboraret
1001 1644 1119 1702 teneat
1131 1656 1195 1703 vos

247 1740 350 1803 timor
365 1733 463 1816 ¹Dei,
476 1759 546 1803 non
560 1738 672 1822 pudor
686 1738 805 1803 seculi.
857 1736 1026 1820 Nunquid
1041 1737 1101 1819 qui
1115 1737 1195 1800 dor·

248 1839 323 1916 mit,
341 1858 411 1902 non
425 1838 564 1922 adjiciet
580 1845 620 1902 ut
634 1839 817 1920 resurgatl
840 1837 996 1901 desistite
1007 1837 1083 1921 jam
1100 1857 1196 1900 men.

249 1937 368 2014 daciis,
391 1938 568 2020 inquibus
593 1937 691 2018 impii
714 1956 809 2020 spem
834 1955 934 2000 suam
958 1955 1087 2018 ponere
1112 1955 1195 2000 con·

248 2043 402 2101 suerunt.
439 2037 610 2100 Dominus
623 2035 804 2100 Tiburtius
817 2035 853 2098 in
871 2035 1010 2117 scriptis
1027 2035 1099 2098 suis
1116 2053 1195 2100 cum

247 2129 464 2219 2juramento
481 2135 688 2201 testificatus
710 2141 776 2210 est,
790 2134 908 2197 dicens
923 2133 1016 2216 quod
1039 2152 1105 2215 ego
1120 2133 1195 2197 dia·

246 2253 370 2298 conum
388 2235 500 2298 sancti
513 2233 643 2316 Angeli
663 2234 784 2298 solum·
800 2233 961 2297 idoneum
970 2233 1127 2316 judicavi
1150 2232 1195 2296 ad

245 2334 469 2416 pontificatus
492 2321 659 2398 ordinem.
710 2332 840 2396 Videat
854 2332 929 2415 ipse
945 2332 1028 2414 quid
1044 2331 1192 2396 dixerit:

246 2452 311 2514 ego
328 2433 364 2495 in
381 2433 516 2496 occulto
536 2432 674 2496 locutus
691 2450 768 2495 sum
784 2431 891 2511 nihil;
915 2436 1052 2495 nonest
1066 2429 1193 2512 aliquis

246 2532 305 2612 qui
329 2531 394 2595 hoc
420 2532 564 2596 verbum
591 2532 635 2594 ab
665 2549 724 2595 ore
745 2546 829 2597 'meo
855 2548 1007 2613 unquam
1033 2529 1193 2593 audierit.

247 2630 338 2694 Haec
360 2628 427 2694 suit
441 2631 614 2704 sententia
630 2649 708 2694 mea
729 2649 876 2712 semper,
896 2637 936 2694 ut
957 2648 1027 2693 non
1051 2629 1119 2691 nisi
1141 2647 1192 2691 se·

245 2730 345 2812 pulto
358 2748 459 2814 papa
471 2731 519 2794 de
541 2729 750 2798 successoris
772 2747 921 2810 persone
934 2727 1064 2791 mentio
1086 2727 1192 2790 habe-

245 2835 351 2893 retur.
403 2829 583 2893 Unitatem
597 2827 752 2892 ecclesiae
766 2827 875 2904 tenui,
890 2835 925 2892 et
941 2828 1085 2892 tenebo:
1101 2827 1192 2890 veri-

245 2929 311 2992 tati
325 2934 361 2992 et
372 2927 522 3010 justitiae
536 2928 711 2993 adhaerere
728 2927 868 3004 curabo,
886 2926 1100 2991 confidenter
1112 2945 1192 3008 spe-

243 3046 326 3091 rans
351 3025 433 3108 quia
444 3027 586 3109 justitia
607 3033 642 3089 et
655 3020 791 3089 ¹veritas
818 3025 980 3089 liberabit
1005 3024 1084 3089 me!
1135 3024 1192 3088 Sic
1205 3041 1322 3082 rueme

1100 3109 1101 3112 ¹
1204 3091 1275 3140 reign·
1285 3103 1319 3132 ae·

244 3125 431 3207 praedictus
447 3124 574 3188 Petrus
597 3117 833 3200 ³Portuensis,
850 3122 957 3186 Petro
980 3121 1091 3186 Leoni
1111 3141 1192 3204 pro·
1205 3141 1329 3190 uuonan

245 3224 335 3299 nior,
353 3223 510 3304 scripsit.
574 3221 650 3286 Nec
673 3239 756 3286 vero
779 3239 861 3302 pars
891 3221 1003 3290 altera
1034 3222 1193 3285 cessabat
1205 3191 1316 3230 Im*

247 3322 331 3405 quin
358 3327 393 3384 et
409 3321 524 3403 ipsum
539 3321 683 3384 Petrum
705 3319 860 3383 catulum
874 3319 985 3383 leonis
1001 3319 1141 3398 diceret,
1156 3327 1192 3384 et

245 3419 493 3503 fautoresejus
506 3419 667 3483 factionis
690 3419 875 3500 complices
890 3419 1093 3482 nominaret.
1146 3419 1193 3484 Et

244 3518 296 3581 illi
321 3519 460 3603 quidem
475 3519 573 3583 varia
597 3518 688 3580 inter
710 3535 747 3581 se
773 3517 886 3581 dubiis
910 3518 953 3582 de
979 3519 1081 3583 rebus
1109 3537 1192 3602 age-

243 3618 338 3681 bant.
392 3618 617 3682 Innocentius
639 3635 722 3681 vero
747 3617 910 3680 exclusus
940 3618 1066 3696 Roma,
1097 3625 1194 3682 tren·

244 3715 375 3780 scansis
403 3715 564 3799 Alpibus
596 3708 767 3780 ⁴Galliam
800 3716 988 3781 contendit.
1055 3716 1112 3781 Ibi
1148 3717 1192 3780 ab

278 3979 286 4010 ¹
299 3976 377 4050 nes.]
395 3982 428 4030 Ε.
441 3982 519 4041 1123
539 3978 653 4042 Domini,
675 3979 704 4030 S.
764 3976 940 4041 'Pertaeaeia
948 3979 1025 4027 Petro
1035 3976 1132 4040 Leoni]
1144 3978 1193 4039 Ε.;

242 4053 272 4102 G.
283 4054 319 4102 D.
730 4049 879 4098 Portuensis
895 4049 1076 4109 episcopusin
1088 4048 1194 4096 Petrum

732 4119 824 4166 Leonis
833 4119 923 4179 filium,
934 4117 964 4167 S.
978 4119 1008 4167 C.
1021 4116 1055 4165 D.
1067 4117 1122 4168 Η.

276 4187 463 4252 Hieremia]
483 4189 528 4252 E.;
541 4191 706 4248 sacramento,
764 4188 775 4217 ⁴
788 4187 918 4251 Galliam]
931 4187 960 4237 S.
970 4187 1118 4249 emtas
1130 4185 1194 4238 Gal·

242 4260 271 4310 S.
285 4261 315 4310 G.
328 4260 363 4309 D.
374 4259 427 4308 Μ.
729 4257 797 4319 bam,
809 4258 841 4306 Ε.
