3080 4960
392 489 459 554 762
681 503 856 554 nrsroum
879 505 1056 554 novumn.
1186 493 1275 574 [ιιι.
1290 509 1345 558 ιιι.

232 676 366 768 {tgffffl'
395 662 529 726 ‘Sciret
551 663 710 727 dominus
730 662 942 744 apostolicus
968 681 1026 726 eos
1042 663 1086 726 ob
1103 663 1196 744 regis
1221 663 1346 728 libera-

232 778 378 817 earlorfflou-
396 763 525 826 tionem
565 768 599 826 et
631 763 730 843 regni
763 780 884 843 pacem
915 761 980 825 hoc
1015 781 1053 825 se
1087 769 1193 843 pacto
1226 764 1345 826 comiti

233 827 375 917 ‘didm'
397 862 614 938 astrinxisse,
637 860 742 944 quod,
765 862 796 924 si
821 880 900 923 eum
922 880 985 924 rex
1012 868 1093 942 post
1114 880 1213 924 suam
1234 862 1345 944 ipsius

396 961 634 1024 liberationem
651 961 797 1023 liberare
815 959 1061 1036 dissimularet,
1073 960 1142 1042 ipsi
1157 961 1249 1025 ultro
1261 981 1298 1024 se
1309 961 1345 1024 in

398 1060 593 1142 captionem
608 1058 716 1141 ipsius
727 1058 962 1124 immitterent.
1003 1058 1237 1141 Quapropter,
1255 1061 1284 1124 si
1300 1061 1345 1124 ad

395 1160 465 1223 -hoc
486 1158 709 1222 infortunium
731 1165 934 1240 perventum
958 1158 1060 1236 foret,
1075 1159 1203 1223 obnixe
1223 1179 1347 1241 rogare

397 1258 510 1345 (quod
521 1257 721 1339 apostolicae
738 1257 964 1320 humanitatis
976 1265 1067 1322 esset
1078 1265 1203 1341 sponte
1217 1255 1348 1343 facere)

400 1364 439 1422 ut
455 1363 490 1420 et
503 1375 562 1420 eos
579 1356 640 1440 qui
652 1355 861 1438 suffraganei
878 1356 987 1438 ipsius
1009 1365 1119 1434 erant,
1139 1364 1175 1421 et
1187 1359 1347 1422 comitem

311 1500 314 1504 ·
400 1456 541 1539 pariter,
558 1457 601 1519 ab
614 1455 775 1518 indebitis
787 1456 934 1520 nexibus
950 1462 1094 1520 exueret
1104 1457 1125 1536 ς’
1143 1458 1346 1540 etquaedam

400 1556 496 1618 talia.
1114 1551 1116 1554 ’

452 1654 470 1736 §
486 1653 541 1717 64.
557 1652 647 1717 Haec
662 1651 793 1736 scripta
810 1653 986 1718 Robertus
1004 1655 1047 1718 ab
1061 1656 1217 1737 utrisque
1234 1657 1348 1738 ponti·

396 1751 523 1816 ficibus
538 1761 677 1834 recepta
693 1760 769 1817 tuto
784 1753 861 1816 loco
877 1753 1057 1835 deposuit;
1081 1762 1117 1819 et
1132 1755 1347 1821 Wiutoniam

402 1871 479 1923 cum
495 1850 637 1928 eisdem,
654 1852 824 1932 simulque
839 1871 967 1934 magua
981 1853 1149 1917 baronum
1166 1856 1278 1937 copia,
1288 1875 1348 1918 ve·

401 1951 464 2016 nit.
515 1949 597 2014 Rex
624 1969 774 2034 quoque,
800 1958 840 2014 ut
864 1951 901 2014 in
921 1953 1107 2033 praeteritis
1130 1954 1260 2018 dictum
1283 1960 1348 2031 est,

394 2069 472 2114 non
501 2049 610 2114 multo
632 2056 713 2132 post
734 2050 854 2114 eodem
871 2052 1026 2130 veniens,
1047 2051 1216 2118 familiare
1242 2053 1348 2117 collo-

401 2150 521 2231 quium
549 2169 627 2212 cum
650 2150 774 2213 comite
795 2151 1081 2215 communicavit:
1106 2152 1166 2216 sed
1189 2153 1348 2236 quamvis

402 2255 438 2312 et
453 2249 528 2330 ipse
543 2268 618 2325 rex,
633 2256 668 2312 et
683 2250 799 2312 cuncti
815 2250 988 2332 principes
1003 2251 1063 2332 qui
1078 2251 1235 2330 aderant,
1252 2271 1349 2334 mag-

402 2367 448 2412 no
472 2348 596 2411 annisu
620 2355 821 2429 satagerent
843 2350 1003 2413 comitem
1024 2350 1061 2413 in
1084 2369 1148 2414 sua
1172 2360 1256 2416 vota
1277 2358 1349 2416 tra·

403 2446 540 2524 ducere,
554 2447 624 2524 ille,
642 2448 739 2511 velut
753 2448 869 2530 pelagi
891 2467 994 2530 rupes
1011 2449 1155 2514 immota
1172 2453 1348 2530 resistens,

403 2565 523 2608 omnes
545 2565 663 2610 eorum
685 2553 830 2611 conatus
847 2547 902 2612 vel
925 2549 1041 2612 irritos
1057 2549 1150 2627 fecit,
1165 2552 1221 2615 vel
1241 2553 1348 2616 ratio-

402 2644 564 2708 nabiliter
578 2647 807 2728 compescuit:
827 2645 931 2710 ‘Non
945 2665 1021 2712 esse
1034 2649 1202 2727 rationis,'
1219 2650 1348 2728 dicens,

403 2742 487 2806 ‘sed
504 2762 568 2808 nec
584 2744 821 2820 humanitatis,
833 2753 874 2809 ut
887 2765 1039 2812 sororem
1056 2767 1154 2812 suam
1165 2750 1349 2828 desereret,

401 2842 503 2924 cujus
520 2850 638 2924 partes
648 2843 744 2925 juste
760 2844 992 2909 defendendas
1015 2849 1245 2930 suscepisset:
1272 2850 1350 2914 uul-

402 2941 470 3004 lius
494 2942 664 3005 commodi
688 2962 806 3020 causa,
835 2963 898 3008 uec
925 2951 999 3008 tam
1025 2949 1117 3028 regis
1142 2943 1221 3012 odio
1244 2968 1348 3031 quam

404 3041 613 3106 sacramenti
634 3043 688 3106 sui
707 3051 879 3126 respectu,
895 3045 987 3126 quod
1002 3047 1133 3110 violare
1155 3048 1251 3112 nefas
1274 3068 1349 3112 esse

404 3140 472 3221 ipsi
491 3160 629 3222 quoque
653 3142 818 3206 deberent
839 3144 1028 3221 attendere,
1056 3148 1247 3228 praesertim
1271 3167 1349 3212 cum

406 3239 450 3302 ab
475 3241 667 3322 apostolico
691 3242 757 3304 sibi
781 3242 981 3306 mandatum
1004 3245 1217 3310 meminisset
1232 3255 1272 3311 ut
1294 3267 1350 3312 sa·

406 3345 583 3403 eramento
611 3340 703 3422 quod
727 3343 849 3418 sorori,
878 3350 1050 3423 praesente
1078 3351 1188 3427 patre,
1210 3346 1352 3423 fecerat,

407 3438 635 3502 obedientiam
669 3440 868 3505 exhiberet!
936 3441 1004 3505 Ita·
1026 3444 1154 3509 infecta
1182 3465 1268 3528 pace
1307 3448 1351 3511 ab

405 3537 562 3619 utrisque
577 3538 778 3603 discessum.

244 3637 397 3680 raanan.
451 3635 537 3718 §65.
561 3635 651 3701 Haec
675 3638 753 3703 ideo
769 3632 836 3702 ¹sic
858 3639 895 3702 in
922 3641 1109 3723 superioris
1135 3646 1217 3708 anni
1244 3646 1353 3726 gestis

244 3700 330 3729 reasons
339 3690 371 3728 for

244 3740 385 3838 pffigcggge
406 3754 476 3798 non
499 3737 658 3818 apposui,
680 3739 762 3819 quia
781 3738 870 3802 clam
896 3741 1107 3806 conscientia
1128 3762 1206 3808 mea
1220 3752 1351 3809 erant:

243 3839 374 3929 mgr·
406 3853 542 3916 semper
555 3837 682 3919 quippe
698 3837 831 3901 horrori
849 3837 954 3903 habui
971 3839 1101 3921 aliquid
1124 3843 1169 3906 ad
1195 3851 1353 3926 posteros

242 3939 385 4028 §mem
406 3936 708 3999 transmittendum
728 3936 820 4019 stylo
836 3939 1061 4016 committere,
1077 3942 1169 4022 quod
1186 3945 1354 4008 nescirem

244 4047 290 4076 mer
297 4049 353 4088 year.

645 4266 653 4298 ¹
666 4265 734 4338 Sic]
753 4271 785 4320 E.
797 4287 804 4332 ;
821 4273 925 4322 omitted
936 4274 962 4322 in
975 4274 1003 4323 S.
1017 4275 1051 4325 D.
1064 4276 1118 4325 Li.
