3140 4974
224 486 376 565 nrn.1v.]
452 500 565 548 cnsrn
589 499 716 547 nncuu
741 498 953 546 Anchonuu.
1112 481 1176 546 561

224 655 323 733 dunt,
341 656 419 720 loca
434 655 548 720 vicina
566 657 748 739 explorare
776 655 965 737 cupientes.
1018 655 1097 738 Syri
1115 657 1175 738 qui

227 763 342 819 essent
363 757 399 818 in
420 756 510 832 loco,
534 757 709 838 progressi
726 756 875 833 obviam,
893 755 1050 819 laetitiam
1076 774 1175 818 suam

227 855 396 919 desiderio
422 855 659 938 lachrymante
688 855 892 937 prodebant,
919 855 1024 918 saluti
1055 874 1173 918 eorum

226 975 290 1036 pro
305 955 482 1036 paucitate
495 956 655 1019 nimirum
670 961 883 1032 metuentes3
907 973 987 1017 nam
1002 974 1072 1017 non
1085 954 1173 1016 mul-

228 1060 265 1117 to
283 1054 481 1135 plusquam
499 1061 636 1117 centum
653 1054 781 1117 milites
794 1060 973 1118 venerant.
1025 1052 1076 1117 At
1094 1047 1173 1129 ¹illi,

228 1153 441 1235 supplicibus
469 1155 560 1218 votis
592 1173 726 1217 sacram
759 1153 868 1216 aedem
894 1152 1061 1229 venerati,
1092 1171 1174 1215 con-

228 1252 343 1315 festim
379 1251 637 1335 lerosolymam·
661 1253 805 1316 intentis
838 1252 963 1314 animis
993 1251 1173 1316 invadunt.

228 1350 335 1414 Turci
357 1371 506 1434 quoque,
529 1372 593 1433 pro
618 1353 744 1415 fiducia
758 1351 882 1416 virium
897 1351 1069 1415 mentibus
1094 1350 1175 1414 effe-

230 1451 310 1527 rati,
325 1450 418 1514 foras
434 1452 595 1528 exiliunt,
613 1453 649 1514 in
663 1457 800 1515 nostros
818 1450 1070 1532 aliquantisper
1086 1450 1175 1512 arie-

231 1556 365 1630 tantes3
398 1559 492 1614 totus
525 1553 615 1614 enim
645 1551 719 1634 jam
746 1550 920 1613 exercitus
947 1549 1173 1626 adventarat:

230 1650 290 1712 sed
312 1669 406 1728 mox,
431 1651 576 1714 Francis
601 1649 847 1725 annitentibus,
873 1649 1036 1712 summoti
1058 1647 1175 1712 hostes

230 1748 457 1812 claustrorum
480 1749 664 1814 muralium
679 1747 819 1832 objectu
839 1747 988 1812 saltitem
1005 1766 1103 1811 suam
1121 1755 1176 1810 tu-

230 1849 404 1912 tabantur.

497 2040 543 2086 DE
567 2039 665 2087 URBE
688 2038 911 2086 lERUSAlAEM.

283 2143 390 2227 §367.
415 2144 469 2208 Do
486 2144 557 2209 situ
575 2153 610 2208 et
623 2146 795 2227 positione
809 2145 999 2210 Ierusalem
1018 2144 1103 2209 nihil
1124 2165 1178 2209 me
1190 2167 1309 2228 seminem

233 2243 345 2307 dicere
369 2245 470 2325 copia
496 2246 703 2327 scriptorum
735 2245 916 2309 admonet:
951 2265 1014 2309 nec
1040 2218 1305 2308 necessedmm'
1399 2257 1403 2267 '

233 2350 340 2406 estut
357 2344 393 2405 in
409 2343 475 2407 hoc
488 2363 610 2426 campo
627 2337 764 2408 ²n0stra
786 2344 920 2409 exultet
937 2345 1068 2423 orati03
1092 2344 1179 2408 adeo

233 2443 304 2506 fere
327 2443 478 2506 omnium
501 2444 634 2508 notitiae
656 2450 753 2525 patet
775 2444 866 2527 quod
883 2443 906 2508 J
910 2444 1071 2527 osephus,
1088 2444 1180 2526 quod

236 2542 438 2618 Eucherius
465 2543 557 2625 quod
591 2542 689 2607 Beda
724 2545 904 2625 scripsere.
965 2541 1053 2622 Quis
1089 2543 1179 2606 enim

235 2643 368 2705 nesciat
399 2661 477 2704 eam
504 2661 525 2705 a
555 2641 786 2707 Melchisedec
816 2643 944 2721 Salem,
973 2662 996 2706 a
1019 2641 1042 2706 J
1045 2643 1180 2708 ebuseis

235 2739 258 2804 J
260 2743 357 2818 ebuS,
373 2759 395 2804 a
408 2740 593 2806 Salomone
611 2741 859 2825 lerosolymam
871 2745 1057 2807 vocatam‘l
1092 2740 1181 2821 Quis

236 2860 304 2904 non
320 2840 468 2904 audierit
483 2841 656 2923 quotiens,
673 2843 738 2904 sub
755 2843 900 2906 adverso
917 2849 1028 2906 marte
1042 2842 1181 2915 cadens,

229 2940 328 3019 ,cives
354 2939 462 3003 ruinis
485 2940 660 3023 sepelierit
684 2942 769 3018 suis,
786 2943 842 3005 vel
866 2942 1181 3021 Nabugodonosor,

236 3039 291 3102 vel
308 3039 402 3115 Tito,
425 3039 482 3102 vel
495 3038 650 3103 Adriano
667 3041 873 3121 agentibus?
926 3039 1103 3104 Adrianus
1125 3041 1182 3103 ille

236 3137 303 3202 fuit
320 3139 381 3220 qui
404 3137 665 3223 lerosolymam,
683 3159 727 3202 ex
744 3159 808 3203 suo
828 3141 1032 3222 cognomine
1053 3158 1182 3220 cogno-

236 3238 402 3301 minatam
421 3237 574 3316 Heliam,
589 3239 781 3302 orbiculato
804 3247 839 3302 et
860 3239 985 3322 majori
1008 3257 1183 3301 murorum

238 3338 368 3400 ambitu
395 3337 591 3414 aedificavit,
609 3345 649 3400 ut
669 3338 783 3401 locum
806 3337 977 3420 sepulchri
995 3338 1181 3412 Dominici,

238 3436 330 3519 quod
354 3436 436 3500 olim
461 3445 562 3502 extra
587 3437 713 3514 fuerat,
727 3438 1022 3519 .amplecteretur;
1047 3456 1127 3499 nam
1149 3444 1185 3500 et

238 3556 337 3599 mons
353 3535 448 3611 Sion,
461 3536 554 3600 intra
571 3538 690 3600 urbem
708 3543 877 3618 receptus
891 3557 955 3619 pro
973 3555 1051 3599 arce
1065 3555 1185 3619 super-

239 3635 376 3698 eminet.
429 3628 543 3700 ³Fons
558 3637 650 3700 intra
663 3636 792 3713 nullus,
810 3636 869 3699 sed
885 3636 1045 3700 cisternis
1062 3635 1106 3698 ad
1121 3634 1186 3698 hoc

277 3929 350 3992 ¹lili,
359 3931 509 3995 supplicibus
570 3935 700 3996 emoti]
762 3931 773 3963 ²
785 3929 902 4003 Nostra]
920 3934 954 3985 A.
967 3935 1001 3986 D.
1014 3936 1046 3984 E.
1058 3934 1107 3995 L.;
1125 3949 1190 3998 mea,

239 4001 293 4050 The
304 4001 399 4050 church
410 4002 440 4049 of
450 4002 488 4052 St.
501 4003 576 4064 Mary
587 4009 614 4052 at
625 4004 703 4052 Beth·
728 4005 757 4055 S.
772 4005 802 4053 C.

239 4071 321 4120 lehem
336 4071 470 4120 contained
481 4071 570 4120 within
585 4073 619 4122 its
629 4074 703 4122 walls
762 4071 773 4104 ⁸
784 4074 851 4122 Fons
862 4073 930 4122 intro
940 4072 1022 4121 noum
1034 4107 1041 4121 .
1054 4107 1061 4122 .
1075 4108 1081 4123 .
1095 4074 1190 4122 Cedros

242 4155 258 4190 a
276 4146 328 4189 sort
338 4141 367 4189 oi
379 4145 470 4202 grette,
480 4142 602 4191 inwhich
619 4143 640 4191 it
650 4157 704 4193 was
728 4143 840 4207 augeat]
846 4144 988 4193 Jerusalem
994 4157 1049 4191 was
1056 4143 1190 4204 possessed

242 4210 379 4271 pretended
391 4211 478 4260 Christ
487 4225 542 4259 was
555 4213 626 4262 born.
643 4212 704 4279 (See
729 4214 789 4274 only
807 4213 836 4261 of
855 4213 897 4261 the
919 4216 1012 4261 torrent
1030 4211 1060 4260 of
1079 4212 1192 4274 Kedron,

242 4280 324 4341 Beda,
334 4281 375 4328 De
387 4281 463 4330 Locis
473 4281 594 4347 Sanctis.)
731 4282 779 4342 dry
789 4283 815 4330 in
834 4297 952 4344 summer,
963 4281 1012 4330 and
1024 4281 1053 4330 of
1068 4282 1110 4330 the
1126 4282 1191 4332 little
