3148 4982
234 536 394 617 mann]
469 553 581 602 susm
606 555 733 603 aucun
759 555 972 604 Anononun.
1122 538 1188 601 457

237 731 321 790 mes,
350 713 511 777 comitem
527 711 664 777 cantiae
688 727 751 778 rex
774 713 937 778 instituit.
990 711 1187 777 Callidioris

236 814 385 893 pectoris
407 813 467 876 ille
490 814 597 877 totius
611 810 751 896 Angliae
767 813 1002 878 vicedominus
1026 813 1090 875 sub
1106 831 1187 892 rege

237 911 314 988 fuit,
335 919 417 995 post
438 932 557 976 necem
575 912 742 977 Willelmi
766 913 827 976 filii
850 913 1010 977 Osberni.
1062 912 1188 994 Itaque

236 1012 272 1074 in
294 1012 502 1094 aggerandis
524 1012 696 1076 thesauris
719 1012 838 1090 mirus,
853 1014 1075 1095 tergiversari
1091 1013 1188 1076 mirae

239 1104 407 1189 ¹astutiae,
423 1131 511 1194 pene
532 1119 699 1195 papatum
723 1112 920 1176 Romanum
943 1113 1066 1176 absens
1091 1130 1113 1174 a
1139 1112 1187 1174 oi·

239 1211 340 1274 vibus
356 1219 528 1276 mercatus
543 1211 676 1291 fuerat3
699 1231 801 1293 peras
815 1213 1074 1294 peregrinorum
1096 1211 1187 1294 epis-

239 1311 321 1374 tolis
339 1319 375 1375 et
388 1312 535 1375 nummis
551 1311 747 1376 infarciens.
793 1311 903 1396 Cujus
922 1311 1029 1375 futuri
1054 1310 1188 1374 itineris

240 1411 400 1492 opinione
414 1431 492 1474 oum
512 1412 669 1474 certatim
685 1431 729 1475 ex
747 1418 822 1475 toto
838 1431 945 1492 regno
964 1411 1099 1474 adeum
1123 1411 1188 1474 mi-

240 1510 318 1573 lites
343 1518 599 1588 concurrerent,
629 1530 692 1574 rex
721 1511 861 1592 indigne
894 1511 1019 1588 ferens,
1051 1529 1188 1592 compe-

240 1609 340 1673 dibus
362 1610 529 1690 irretivit3
551 1610 719 1693 praefatus
742 1631 811 1674 non
835 1630 872 1674 se
886 1611 1093 1674 Baiocarum
1115 1611 1187 1692 epi-

240 1728 396 1792 scopum,
410 1711 470 1774 sed
493 1711 652 1775 comitem
667 1710 803 1775 Cautiae
820 1710 998 1792 prendere.
1033 1709 1188 1774 Clientes

241 1809 329 1892 ejus,
350 1811 452 1873 minis
472 1811 624 1893 impulsi,
654 1817 786 1875 tantam
814 1811 890 1873 auri
913 1811 1048 1892 copiam
1072 1809 1188 1892 prodi-

241 1908 333 1986 dere,
364 1917 404 1973 ut
432 1911 541 1974 nostri
570 1911 677 1974 seculi
717 1911 980 1974 aestimationem
1010 1917 1190 1992 superaret

168 2002 172 2011 ’
240 2008 327 2073 fulvi
349 2011 527 2092 congeries
551 2009 702 2090 metalli;
725 2010 873 2092 denique
894 2018 930 2073 et
949 2010 1050 2072 cullei
1073 2009 1189 2090 plures

242 2128 261 2172 e
288 2108 402 2172 fluviis
427 2110 588 2185 extracti,
615 2129 701 2192 quos
724 2129 787 2192 per
810 2117 906 2173 certa
927 2110 1017 2186 loca,
1042 2109 1190 2172 sublatis

242 2209 400 2285 consciis,
432 2209 617 2286 infoderat,
648 2210 770 2291 plenos
805 2229 891 2273 auro
920 2209 1051 2304 molito.
1103 2207 1191 2272 Post

243 2315 387 2372 mortem
400 2307 518 2372 fratris
532 2308 723 2386 absolutae,
738 2291 923 2391 nepotique
937 2306 1115 2372 Willelmo
1130 2307 1190 2370 ad-

243 2416 414 2485 vorsatus,
436 2415 570 2490 partem
584 2409 730 2472 Roberti
750 2408 891 2473 fovebat
904 2429 912 2487 3
936 2408 996 2471 sed
1010 2415 1092 2472 tunc
1106 2425 1192 2488 quo-

244 2527 311 2590 que
327 2508 417 2571 male
439 2509 581 2572 cedente
601 2509 752 2585 fortuna,
775 2508 923 2572 extorris
938 2506 1081 2590 Anglia,
1097 2507 1190 2571 Nor-

244 2608 404 2672 mannioo
421 2609 538 2690 nepoti
550 2614 585 2671 et
599 2609 812 2690 episcopatui
827 2609 1019 2673 insistebat.
1056 2606 1192 2671 Deinde

244 2727 322 2770 curn
337 2708 456 2772 eodem
473 2708 796 2790 lerosolymitanam
808 2709 900 2772 viam
913 2709 1103 2790 ingressus,
1120 2706 1194 2771 An-

245 2806 393 2885 tiochiae,
409 2808 445 2871 in
460 2807 638 2872 obsidione
651 2807 938 2885 Christianorum,
947 2809 1049 2871 finem
1061 2806 1192 2871 habuit.

297 2906 405 2992 §ata
423 2907 631 2971 Exterarum
647 2909 826 2972 nationum
842 2909 997 2972 homines
1010 2908 1195 2989 dignanter
1207 2930 1342 2970 sumena-

245 3006 290 3069 ad
306 3007 493 3071 amicitiam
513 3007 664 3084 admisit,
676 3008 909 3072 indifferenter
922 3007 1109 3072 honoribus
1131 3026 1193 3069 ex·
1206 2986 1358 3072 ’ἷῖιῗῗὲιῖἓᾏωψ

246 3106 347 3170 tulit:
384 3107 611 3190 eleemosynae
635 3126 751 3171 curam
778 3108 921 3172 habuit:
955 3106 1195 3170 transmarinis

246 3206 399 3270 ecclesiis
414 3207 543 3270 multas
566 3208 803 3289 possessiones
825 3208 861 3270 in
874 3204 1005 3286 Anglia
1025 3205 1193 3286 largitus3

247 3324 311 3369 nec
335 3306 444 3369 ullum
466 3306 536 3370 sere
558 3307 816 3381 monasterium,
837 3306 1030 3389 praesertim
1049 3305 1086 3367 in
1102 3304 1195 3369 Nor-

248 3406 399 3482 mannia,
426 3405 483 3470 vel
512 3406 588 3490 ejus
616 3406 672 3469 vel
706 3405 831 3469 ducum
865 3404 1098 3468 munificentia
1119 3423 1196 3486 per-

249 3505 400 3582 transiit,
416 3512 456 3569 ut
470 3503 609 3587 Angliae
626 3505 727 3587 copia
742 3505 891 3568 tenuitas
905 3505 1041 3568 illorum
1058 3512 1195 3568 susten·

249 3609 393 3668 teretur.
446 3605 505 3668 Ita
527 3605 603 3689 ejus
628 3611 783 3688 tempore
799 3605 891 3668 ultro
906 3605 1060 3686 citroque
1078 3624 1195 3668 coeno·

248 3704 350 3767 bialis
368 3723 455 3786 grex
473 3705 640 3781 excrevit,
650 3706 860 3769 monasteria
876 3704 1064 3786 surgebant
1080 3703 1196 3786 religi·

251 3822 317 3866 one
333 3811 465 3880 vetera,
484 3803 639 3867 aedificiis
662 3806 826 3868 recentia.
878 3804 945 3867 Sed
967 3802 1023 3866 hic
1043 3802 1197 3866 animad-
1299 3795 1303 3802 ’

250 3908 348 3966 verto
372 3903 649 3967 mussitationem
666 3903 865 3981 dicentium,
886 3903 1014 3967 Melius
1039 3903 1199 3965 fuissent

250 4003 395 4085 antiqua
417 4003 454 4065 in
481 4022 544 4066 suo
570 4009 665 4066 statu
683 4010 981 4079 conservarentur,
997 4021 1113 4084 quam,
1128 4001 1199 4065 illis

249 4101 518 4179 semimutilatis
535 4102 577 4166 de
593 4103 717 4184 rapina
734 4123 826 4167 nova
842 4099 1134 4167 construerentur.

251 4255 340 4262 --....-
353 4253 1196 4264 ---—-——-——-—-—-—-——————-—-——--—-————---

415 4342 422 4372 ¹
435 4338 570 4410 datatim]
592 4344 621 4392 C.
634 4343 669 4392 D.
683 4343 730 4402 E.;
747 4342 915 4404 abstinentiae,
928 4341 960 4392 A.
972 4343 1001 4392 S.
1013 4343 1044 4392 1..
