<?xml version="1.0" encoding="UTF-8"?>
<!DOCTYPE html PUBLIC "-//W3C//DTD XHTML 1.0 Transitional//EN"
    "http://www.w3.org/TR/xhtml1/DTD/xhtml1-transitional.dtd">
<html xmlns="http://www.w3.org/1999/xhtml" xml:lang="en" lang="en">
 <head>
  <title>
</title>
<meta http-equiv="Content-Type" content="text/html;charset=utf-8" />
  <meta name='ocr-system' content='tesseract 3.04.00' />
  <meta name='ocr-capabilities' content='ocr_page ocr_carea ocr_par ocr_line ocrx_word'/>
</head>
<body>
  <div class='ocr_page' id='page_1' title='image "./willelmimalmesb00hardgoog_0394.png"; bbox 0 0 3080 4960; ppageno 0'>
   <div class='ocr_carea' id='block_1_1' title="bbox 386 449 1342 531">
    <p class='ocr_par' dir='ltr' id='par_1_1' title="bbox 386 449 1342 531">
     <span class='ocr_line' id='line_1_1' title="bbox 386 449 1342 531; baseline -0.002 -17"><span class='ocrx_word' id='word_1_1' title='bbox 386 449 452 524; x_wconf 79' lang='lat'><strong>7⁵⁰</strong></span> <span class='ocrx_word' id='word_1_2' title='bbox 671 462 847 512; x_wconf 77' lang='lat' dir='ltr'><strong>maroam</strong></span> <span class='ocrx_word' id='word_1_3' title='bbox 869 463 1047 513; x_wconf 71' lang='lat' dir='ltr'><strong>Novanus.</strong></span> <span class='ocrx_word' id='word_1_4' title='bbox 1177 450 1267 531; x_wconf 82' lang='lat' dir='ltr'><strong>[nra.</strong></span> <span class='ocrx_word' id='word_1_5' title='bbox 1284 465 1342 512; x_wconf 84' lang='lat'><strong>111.</strong></span> 
     </span>
    </p>
   </div>
   <div class='ocr_carea' id='block_1_2' title="bbox 386 618 1342 2978">
    <p class='ocr_par' dir='ltr' id='par_1_2' title="bbox 386 618 1342 2978">
     <span class='ocr_line' id='line_1_2' title="bbox 387 618 1339 705; baseline 0 -21"><span class='ocrx_word' id='word_1_6' title='bbox 387 639 529 705; x_wconf 88' lang='lat' dir='ltr'><strong>possum</strong></span> <span class='ocrx_word' id='word_1_7' title='bbox 542 619 655 684; x_wconf 91' lang='lat' dir='ltr'><strong>dicere</strong></span> <span class='ocrx_word' id='word_1_8' title='bbox 678 620 833 684; x_wconf 80' lang='lat' dir='ltr'><strong>fomitem</strong></span> <span class='ocrx_word' id='word_1_9' title='bbox 849 618 1001 685; x_wconf 91' lang='lat' dir='ltr'><strong>omnium</strong></span> <span class='ocrx_word' id='word_1_10' title='bbox 1015 619 1185 684; x_wconf 91' lang='lat' dir='ltr'><strong>malorum</strong></span> <span class='ocrx_word' id='word_1_11' title='bbox 1199 639 1339 684; x_wconf 83' lang='lat' dir='ltr'><strong>rursum</strong></span> 
     </span>
     <span class='ocr_line' id='line_1_3' title="bbox 386 713 1337 802; baseline -0.002 -18"><span class='ocrx_word' id='word_1_12' title='bbox 386 722 424 785; x_wconf 92' lang='lat' dir='ltr'><strong>in</strong></span> <span class='ocrx_word' id='word_1_13' title='bbox 438 719 570 802; x_wconf 83' lang='lat' dir='ltr'><strong>Anglia</strong></span> <span class='ocrx_word' id='word_1_14' title='bbox 581 719 708 785; x_wconf 70' lang='lat' dir='ltr'><strong>finem:</strong></span> <span class='ocrx_word' id='word_1_15' title='bbox 733 721 825 801; x_wconf 92' lang='lat' dir='ltr'><strong>quod</strong></span> <span class='ocrx_word' id='word_1_16' title='bbox 843 713 1026 802; x_wconf 89' lang='lat' dir='ltr'><strong>¹quatinus</strong></span> <span class='ocrx_word' id='word_1_17' title='bbox 1040 720 1215 797; x_wconf 85' lang='lat' dir='ltr'><strong>acciderit,</strong></span> <span class='ocrx_word' id='word_1_18' title='bbox 1228 739 1337 801; x_wconf 85' lang='lat' dir='ltr'><strong>expe-</strong></span> 
     </span>
     <span class='ocr_line' id='line_1_4' title="bbox 388 817 1338 901; baseline -0.001 -18"><span class='ocrx_word' id='word_1_19' title='bbox 388 820 492 883; x_wconf 84' lang='lat' dir='ltr'><strong>diam.</strong></span> <span class='ocrx_word' id='word_1_20' title='bbox 545 817 710 884; x_wconf 83' lang='lat' dir='ltr'>Habebat</span> <span class='ocrx_word' id='word_1_21' title='bbox 722 839 786 882; x_wconf 81' lang='lat' dir='ltr'><strong>rex</strong></span> <span class='ocrx_word' id='word_1_22' title='bbox 801 819 1010 901; x_wconf 83' lang='lat' dir='ltr'><strong>Stephanus,</strong></span> <span class='ocrx_word' id='word_1_23' title='bbox 1032 818 1257 883; x_wconf 86' lang='lat' dir='ltr'><strong>Eustachium</strong></span> <span class='ocrx_word' id='word_1_24' title='bbox 1272 837 1338 882; x_wconf 92' lang='lat' dir='ltr'><strong>no·</strong></span> 
     </span>
     <span class='ocr_line' id='line_1_5' title="bbox 389 917 1339 995; baseline -0.002 -13"><span class='ocrx_word' id='word_1_25' title='bbox 389 919 493 995; x_wconf 89' lang='lat' dir='ltr'><strong>mine,</strong></span> <span class='ocrx_word' id='word_1_26' title='bbox 508 937 554 982; x_wconf 83' lang='lat' dir='ltr'><strong>ex</strong></span> <span class='ocrx_word' id='word_1_27' title='bbox 569 917 641 981; x_wconf 85' lang='lat' dir='ltr'><strong>filia</strong></span> <span class='ocrx_word' id='word_1_28' title='bbox 654 917 835 982; x_wconf 87' lang='lat' dir='ltr'><strong>Eustachii</strong></span> <span class='ocrx_word' id='word_1_29' title='bbox 849 919 985 982; x_wconf 87' lang='lat' dir='ltr'><strong>comitis</strong></span> <span class='ocrx_word' id='word_1_30' title='bbox 1000 917 1242 994; x_wconf 85' lang='lat' dir='ltr'><strong>Bononiensis,</strong></span> <span class='ocrx_word' id='word_1_31' title='bbox 1259 936 1339 982; x_wconf 90' lang='lat' dir='ltr'><strong>sus·</strong></span> 
     </span>
     <span class='ocr_line' id='line_1_6' title="bbox 389 1015 1338 1100; baseline -0.004 -18"><span class='ocrx_word' id='word_1_32' title='bbox 389 1024 528 1100; x_wconf 88' lang='lat' dir='ltr'><strong>ceptum</strong></span> <span class='ocrx_word' id='word_1_33' title='bbox 553 1016 693 1081; x_wconf 87' lang='lat' dir='ltr'><strong>filium..</strong></span> <span class='ocrx_word' id='word_1_34' title='bbox 726 1016 807 1082; x_wconf 84' lang='lat' dir='ltr'><strong>Rex</strong></span> <span class='ocrx_word' id='word_1_35' title='bbox 831 1017 923 1082; x_wconf 90' lang='lat' dir='ltr'><strong>enim</strong></span> <span class='ocrx_word' id='word_1_36' title='bbox 948 1015 1135 1093; x_wconf 85' lang='lat' dir='ltr'><strong>Henrions,</strong></span> <span class='ocrx_word' id='word_1_37' title='bbox 1151 1025 1251 1098; x_wconf 87' lang='lat' dir='ltr'><strong>pater</strong></span> <span class='ocrx_word' id='word_1_38' title='bbox 1270 1018 1338 1080; x_wconf 92' lang='lat' dir='ltr'><strong>im-</strong></span> 
     </span>
     <span class='ocr_line' id='line_1_7' title="bbox 390 1114 1338 1202; baseline -0.001 -21"><span class='ocrx_word' id='word_1_39' title='bbox 390 1117 584 1199; x_wconf 87' lang='lat' dir='ltr'><strong>peratricis,</strong></span> <span class='ocrx_word' id='word_1_40' title='bbox 606 1114 664 1202; x_wconf 91' lang='lat' dir='ltr'><strong>(ut</strong></span> <span class='ocrx_word' id='word_1_41' title='bbox 689 1115 794 1180; x_wconf 89' lang='lat' dir='ltr'><strong>altius</strong></span> <span class='ocrx_word' id='word_1_42' title='bbox 815 1123 982 1198; x_wconf 86' lang='lat' dir='ltr'><strong>repetam,</strong></span> <span class='ocrx_word' id='word_1_43' title='bbox 1005 1135 1049 1180; x_wconf 88' lang='lat' dir='ltr'><strong>ne</strong></span> <span class='ocrx_word' id='word_1_44' title='bbox 1073 1115 1202 1180; x_wconf 87' lang='lat' dir='ltr'><strong>veritas</strong></span> <span class='ocrx_word' id='word_1_45' title='bbox 1223 1123 1338 1196; x_wconf 79' lang='lat' dir='ltr'><strong>gesto</strong></span> 
     </span>
     <span class='ocr_line' id='line_1_8' title="bbox 390 1212 1337 1299; baseline 0 -21"><span class='ocrx_word' id='word_1_46' title='bbox 390 1235 465 1278; x_wconf 91' lang='lat' dir='ltr'><strong>rum</strong></span> <span class='ocrx_word' id='word_1_47' title='bbox 481 1217 589 1280; x_wconf 89' lang='lat' dir='ltr'><strong>lateat</strong></span> <span class='ocrx_word' id='word_1_48' title='bbox 602 1212 790 1299; x_wconf 90' lang='lat' dir='ltr'><strong>posteros,)</strong></span> <span class='ocrx_word' id='word_1_49' title='bbox 803 1233 956 1280; x_wconf 88' lang='lat' dir='ltr'><strong>sororem</strong></span> <span class='ocrx_word' id='word_1_50' title='bbox 970 1215 1092 1281; x_wconf 84' lang='lat' dir='ltr'><strong>uxoris</strong></span> <span class='ocrx_word' id='word_1_51' title='bbox 1110 1234 1195 1292; x_wconf 85' lang='lat' dir='ltr'><strong>suae,</strong></span> <span class='ocrx_word' id='word_1_52' title='bbox 1214 1216 1337 1278; x_wconf 88' lang='lat' dir='ltr'><strong>matris</strong></span> 
     </span>
     <span class='ocr_line' id='line_1_9' title="bbox 389 1313 1338 1396; baseline 0 -18"><span class='ocrx_word' id='word_1_53' title='bbox 389 1314 492 1379; x_wconf 87' lang='lat' dir='ltr'><strong>istius</strong></span> <span class='ocrx_word' id='word_1_54' title='bbox 505 1314 665 1392; x_wconf 86' lang='lat' dir='ltr'><strong>dominae,</strong></span> <span class='ocrx_word' id='word_1_55' title='bbox 684 1313 834 1380; x_wconf 90' lang='lat' dir='ltr'><strong>Mariam</strong></span> <span class='ocrx_word' id='word_1_56' title='bbox 859 1315 1009 1391; x_wconf 91' lang='lat' dir='ltr'><strong>nomine,</strong></span> <span class='ocrx_word' id='word_1_57' title='bbox 1032 1321 1179 1396; x_wconf 86' lang='lat' dir='ltr'><strong>nuptum</strong></span> <span class='ocrx_word' id='word_1_58' title='bbox 1194 1313 1338 1378; x_wconf 88' lang='lat' dir='ltr'><strong>dederat</strong></span> 
     </span>
     <span class='ocr_line' id='line_1_10' title="bbox 390 1412 1339 1496; baseline 0 -20"><span class='ocrx_word' id='word_1_59' title='bbox 390 1414 557 1496; x_wconf 79' lang='lat' dir='ltr'><strong>praedicto</strong></span> <span class='ocrx_word' id='word_1_60' title='bbox 579 1413 708 1490; x_wconf 93' lang='lat' dir='ltr'><strong>comiti,</strong></span> <span class='ocrx_word' id='word_1_61' title='bbox 724 1413 815 1496; x_wconf 93' lang='lat' dir='ltr'><strong>quod</strong></span> <span class='ocrx_word' id='word_1_62' title='bbox 841 1421 933 1479; x_wconf 88' lang='lat' dir='ltr'><strong>esset</strong></span> <span class='ocrx_word' id='word_1_63' title='bbox 952 1415 983 1476; x_wconf 87' lang='lat' dir='ltr'><strong>is</strong></span> <span class='ocrx_word' id='word_1_64' title='bbox 998 1422 1034 1476; x_wconf 93' lang='lat' dir='ltr'><strong>et</strong></span> <span class='ocrx_word' id='word_1_65' title='bbox 1049 1413 1173 1494; x_wconf 88' lang='lat' dir='ltr'><strong>amplis</strong></span> <span class='ocrx_word' id='word_1_66' title='bbox 1196 1412 1339 1496; x_wconf 90' lang='lat' dir='ltr'><strong>majori·</strong></span> 
     </span>
     <span class='ocr_line' id='line_1_11' title="bbox 390 1511 1339 1596; baseline 0 -20"><span class='ocrx_word' id='word_1_67' title='bbox 390 1513 456 1576; x_wconf 90' lang='lat' dir='ltr'><strong>bus</strong></span> <span class='ocrx_word' id='word_1_68' title='bbox 470 1519 579 1590; x_wconf 88' lang='lat' dir='ltr'><strong>ortus,</strong></span> <span class='ocrx_word' id='word_1_69' title='bbox 590 1513 761 1596; x_wconf 90' lang='lat' dir='ltr'><strong>simulque</strong></span> <span class='ocrx_word' id='word_1_70' title='bbox 776 1513 960 1594; x_wconf 89' lang='lat' dir='ltr'><strong>prudentia</strong></span> <span class='ocrx_word' id='word_1_71' title='bbox 977 1518 1013 1575; x_wconf 93' lang='lat' dir='ltr'><strong>et</strong></span> <span class='ocrx_word' id='word_1_72' title='bbox 1021 1512 1222 1576; x_wconf 83' lang='lat' dir='ltr'><strong>fortitudine</strong></span> <span class='ocrx_word' id='word_1_73' title='bbox 1230 1511 1339 1595; x_wconf 82' lang='lat' dir='ltr'><strong>juxta</strong></span> 
     </span>
     <span class='ocr_line' id='line_1_12' title="bbox 389 1609 1338 1692; baseline 0 -19"><span class='ocrx_word' id='word_1_74' title='bbox 389 1611 549 1692; x_wconf 84' lang='lat' dir='ltr'><strong>insignis.</strong></span> <span class='ocrx_word' id='word_1_75' title='bbox 600 1609 657 1674; x_wconf 83' lang='lat' dir='ltr'><strong>Ex</strong></span> <span class='ocrx_word' id='word_1_76' title='bbox 675 1610 790 1676; x_wconf 86' lang='lat' dir='ltr'><strong>Maria</strong></span> <span class='ocrx_word' id='word_1_77' title='bbox 811 1611 1021 1676; x_wconf 87' lang='lat' dir='ltr'><strong>Eustachius</strong></span> <span class='ocrx_word' id='word_1_78' title='bbox 1044 1611 1130 1674; x_wconf 84' lang='lat' dir='ltr'><strong>nihil</strong></span> <span class='ocrx_word' id='word_1_79' title='bbox 1151 1611 1338 1674; x_wconf 86' lang='lat' dir='ltr'><strong>liberorum</strong></span> 
     </span>
     <span class='ocr_line' id='line_1_13' title="bbox 392 1707 1340 1791; baseline 0.001 -18"><span class='ocrx_word' id='word_1_80' title='bbox 392 1709 473 1774; x_wconf 91' lang='lat' dir='ltr'><strong>tulit</strong></span> <span class='ocrx_word' id='word_1_81' title='bbox 495 1715 623 1791; x_wconf 88' lang='lat' dir='ltr'><strong>praeter</strong></span> <span class='ocrx_word' id='word_1_82' title='bbox 647 1708 755 1772; x_wconf 87' lang='lat' dir='ltr'><strong>filiam</strong></span> <span class='ocrx_word' id='word_1_83' title='bbox 781 1709 963 1775; x_wconf 87' lang='lat' dir='ltr'><strong>Matildem</strong></span> <span class='ocrx_word' id='word_1_84' title='bbox 987 1710 1169 1776; x_wconf 87' lang='lat' dir='ltr'><strong>vocabulo.</strong></span> <span class='ocrx_word' id='word_1_85' title='bbox 1221 1707 1340 1787; x_wconf 88' lang='lat' dir='ltr'><strong>Hanc,</strong></span> 
     </span>
     <span class='ocr_line' id='line_1_14' title="bbox 391 1807 1339 1890; baseline 0 -18"><span class='ocrx_word' id='word_1_86' title='bbox 391 1815 492 1890; x_wconf 89' lang='lat' dir='ltr'><strong>patre</strong></span> <span class='ocrx_word' id='word_1_87' title='bbox 505 1807 680 1885; x_wconf 83' lang='lat' dir='ltr'><strong>defuncto,</strong></span> <span class='ocrx_word' id='word_1_88' title='bbox 696 1809 848 1872; x_wconf 91' lang='lat' dir='ltr'><strong>nubilem</strong></span> <span class='ocrx_word' id='word_1_89' title='bbox 862 1809 952 1873; x_wconf 90' lang='lat' dir='ltr'><strong>idem</strong></span> <span class='ocrx_word' id='word_1_90' title='bbox 976 1808 1339 1890; x_wconf 82' lang='lat' dir='ltr'><strong>magnificentissimus</strong></span> 
     </span>
     <span class='ocr_line' id='line_1_15' title="bbox 392 1906 1340 1989; baseline 0 -17"><span class='ocrx_word' id='word_1_91' title='bbox 392 1927 456 1972; x_wconf 83' lang='lat' dir='ltr'><strong>rex</strong></span> <span class='ocrx_word' id='word_1_92' title='bbox 482 1906 659 1988; x_wconf 89' lang='lat' dir='ltr'><strong>Stephano</strong></span> <span class='ocrx_word' id='word_1_93' title='bbox 684 1908 803 1989; x_wconf 84' lang='lat' dir='ltr'><strong>nepoti</strong></span> <span class='ocrx_word' id='word_1_94' title='bbox 823 1907 979 1988; x_wconf 84' lang='lat' dir='ltr'><strong>legitimo</strong></span> <span class='ocrx_word' id='word_1_95' title='bbox 993 1907 1212 1972; x_wconf 86' lang='lat' dir='ltr'><strong>matrimonio</strong></span> <span class='ocrx_word' id='word_1_96' title='bbox 1231 1927 1340 1989; x_wconf 91' lang='lat' dir='ltr'><strong>copu-</strong></span> 
     </span>
     <span class='ocr_line' id='line_1_16' title="bbox 391 2005 1340 2088; baseline 0 -18"><span class='ocrx_word' id='word_1_97' title='bbox 391 2006 490 2081; x_wconf 84' lang='lat' dir='ltr'><strong>lavit,</strong></span> <span class='ocrx_word' id='word_1_98' title='bbox 510 2013 546 2070; x_wconf 90' lang='lat' dir='ltr'><strong>et</strong></span> <span class='ocrx_word' id='word_1_99' title='bbox 566 2006 697 2088; x_wconf 87' lang='lat' dir='ltr'><strong>pariter</strong></span> <span class='ocrx_word' id='word_1_100' title='bbox 718 2005 972 2070; x_wconf 81' lang='lat' dir='ltr'><strong>Bononiensem</strong></span> <span class='ocrx_word' id='word_1_101' title='bbox 995 2007 1197 2070; x_wconf 89' lang='lat' dir='ltr'><strong>comitatum</strong></span> <span class='ocrx_word' id='word_1_102' title='bbox 1219 2006 1340 2070; x_wconf 90' lang='lat' dir='ltr'><strong>indus·</strong></span> 
     </span>
     <span class='ocr_line' id='line_1_17' title="bbox 393 2104 1339 2188; baseline -0.002 -18"><span class='ocrx_word' id='word_1_103' title='bbox 393 2105 459 2170; x_wconf 86' lang='lat' dir='ltr'><strong>trie</strong></span> <span class='ocrx_word' id='word_1_104' title='bbox 471 2105 677 2188; x_wconf 88' lang='lat' dir='ltr'><strong>acquisivit;</strong></span> <span class='ocrx_word' id='word_1_105' title='bbox 692 2123 773 2169; x_wconf 87' lang='lat' dir='ltr'><strong>nam</strong></span> <span class='ocrx_word' id='word_1_106' title='bbox 787 2112 891 2168; x_wconf 89' lang='lat' dir='ltr'><strong>antea</strong></span> <span class='ocrx_word' id='word_1_107' title='bbox 907 2104 1181 2170; x_wconf 87' lang='lat' dir='ltr'><strong>Moritoliensem</strong></span> <span class='ocrx_word' id='word_1_108' title='bbox 1196 2106 1234 2168; x_wconf 92' lang='lat' dir='ltr'><strong>in</strong></span> <span class='ocrx_word' id='word_1_109' title='bbox 1247 2104 1339 2169; x_wconf 65' lang='lat' dir='ltr'><strong>Nor</strong></span> 
     </span>
     <span class='ocr_line' id='line_1_18' title="bbox 393 2202 1341 2286; baseline 0.002 -20"><span class='ocrx_word' id='word_1_110' title='bbox 393 2204 534 2267; x_wconf 90' lang='lat' dir='ltr'><strong>mannia</strong></span> <span class='ocrx_word' id='word_1_111' title='bbox 556 2222 602 2267; x_wconf 83' lang='lat' dir='ltr'><strong>ex</strong></span> <span class='ocrx_word' id='word_1_112' title='bbox 625 2223 688 2268; x_wconf 89' lang='lat' dir='ltr'><strong>suo</strong></span> <span class='ocrx_word' id='word_1_113' title='bbox 709 2202 862 2269; x_wconf 85' lang='lat' dir='ltr'><strong>dederat.</strong></span> <span class='ocrx_word' id='word_1_114' title='bbox 915 2203 995 2267; x_wconf 89' lang='lat' dir='ltr'><strong>Hos</strong></span> <span class='ocrx_word' id='word_1_115' title='bbox 1014 2205 1199 2268; x_wconf 81' lang='lat' dir='ltr'><strong>comitatus</strong></span> <span class='ocrx_word' id='word_1_116' title='bbox 1220 2206 1341 2286; x_wconf 82' lang='lat' dir='ltr'><strong>nepoti</strong></span> 
     </span>
     <span class='ocr_line' id='line_1_19' title="bbox 394 2302 1340 2386; baseline 0.002 -20"><span class='ocrx_word' id='word_1_117' title='bbox 394 2321 457 2366; x_wconf 88' lang='lat' dir='ltr'><strong>suo</strong></span> <span class='ocrx_word' id='word_1_118' title='bbox 474 2322 574 2385; x_wconf 91' lang='lat' dir='ltr'><strong>quem</strong></span> <span class='ocrx_word' id='word_1_119' title='bbox 592 2303 779 2379; x_wconf 89' lang='lat' dir='ltr'><strong>nominavi,</strong></span> <span class='ocrx_word' id='word_1_120' title='bbox 796 2302 999 2380; x_wconf 80' lang='lat' dir='ltr'><strong>Eustochio,</strong></span> <span class='ocrx_word' id='word_1_121' title='bbox 1013 2303 1151 2384; x_wconf 84' lang='lat' dir='ltr'><strong>legatus</strong></span> <span class='ocrx_word' id='word_1_122' title='bbox 1158 2303 1239 2386; x_wconf 89' lang='lat' dir='ltr'><strong>jure</strong></span> <span class='ocrx_word' id='word_1_123' title='bbox 1252 2303 1340 2368; x_wconf 84' lang='lat' dir='ltr'><strong>dan-</strong></span> 
     </span>
     <span class='ocr_line' id='line_1_20' title="bbox 394 2401 1340 2484; baseline 0.001 -19"><span class='ocrx_word' id='word_1_124' title='bbox 394 2401 457 2465; x_wconf 87' lang='lat' dir='ltr'><strong>dos</strong></span> <span class='ocrx_word' id='word_1_125' title='bbox 480 2403 715 2467; x_wconf 87' lang='lat' dir='ltr'><strong>destinaverat</strong></span> <span class='ocrx_word' id='word_1_126' title='bbox 734 2402 816 2465; x_wconf 91' lang='lat' dir='ltr'><strong>dnm</strong></span> <span class='ocrx_word' id='word_1_127' title='bbox 839 2409 939 2484; x_wconf 89' lang='lat' dir='ltr'><strong>pater</strong></span> <span class='ocrx_word' id='word_1_128' title='bbox 961 2402 1178 2484; x_wconf 81' lang='lat' dir='ltr'><strong>inceptione</strong></span> <span class='ocrx_word' id='word_1_129' title='bbox 1206 2409 1340 2466; x_wconf 87' lang='lat' dir='ltr'><strong>tenere-</strong></span> 
     </span>
     <span class='ocr_line' id='line_1_21' title="bbox 395 2501 1342 2583; baseline 0.001 -18"><span class='ocrx_word' id='word_1_130' title='bbox 395 2508 473 2581; x_wconf 90' lang='lat' dir='ltr'><strong>tur;</strong></span> <span class='ocrx_word' id='word_1_131' title='bbox 495 2501 713 2583; x_wconf 84' lang='lat' dir='ltr'><strong>imperatrice</strong></span> <span class='ocrx_word' id='word_1_132' title='bbox 735 2519 876 2583; x_wconf 88' lang='lat' dir='ltr'><strong>prorsus</strong></span> <span class='ocrx_word' id='word_1_133' title='bbox 896 2502 1080 2578; x_wconf 87' lang='lat' dir='ltr'><strong>abnuente,</strong></span> <span class='ocrx_word' id='word_1_134' title='bbox 1103 2502 1273 2565; x_wconf 90' lang='lat' dir='ltr'><strong>incertum</strong></span> <span class='ocrx_word' id='word_1_135' title='bbox 1295 2521 1342 2566; x_wconf 86' lang='lat' dir='ltr'><strong>an</strong></span> 
     </span>
     <span class='ocr_line' id='line_1_22' title="bbox 394 2599 1341 2681; baseline -0.002 -17"><span class='ocrx_word' id='word_1_136' title='bbox 394 2599 473 2664; x_wconf 88' lang='lat' dir='ltr'><strong>aliis</strong></span> <span class='ocrx_word' id='word_1_137' title='bbox 498 2601 604 2664; x_wconf 89' lang='lat' dir='ltr'><strong>etiam</strong></span> <span class='ocrx_word' id='word_1_138' title='bbox 626 2600 860 2681; x_wconf 88' lang='lat' dir='ltr'><strong>promittente.</strong></span> <span class='ocrx_word' id='word_1_139' title='bbox 918 2599 999 2678; x_wconf 83' lang='lat' dir='ltr'><strong>Qua</strong></span> <span class='ocrx_word' id='word_1_140' title='bbox 1029 2600 1089 2665; x_wconf 93' lang='lat' dir='ltr'><strong>ille</strong></span> <span class='ocrx_word' id='word_1_141' title='bbox 1114 2599 1264 2664; x_wconf 87' lang='lat' dir='ltr'><strong>offensus</strong></span> <span class='ocrx_word' id='word_1_142' title='bbox 1287 2599 1341 2662; x_wconf 92' lang='lat' dir='ltr'><strong>in-</strong></span> 
     </span>
     <span class='ocr_line' id='line_1_23' title="bbox 389 2697 1340 2783; baseline 0.002 -23"><span class='ocrx_word' id='word_1_143' title='bbox 389 2697 497 2782; x_wconf 89' lang='lat' dir='ltr'><strong>juria,</strong></span> <span class='ocrx_word' id='word_1_144' title='bbox 516 2698 634 2761; x_wconf 90' lang='lat' dir='ltr'><strong>multis</strong></span> <span class='ocrx_word' id='word_1_145' title='bbox 656 2698 777 2761; x_wconf 87' lang='lat' dir='ltr'><strong>diebus</strong></span> <span class='ocrx_word' id='word_1_146' title='bbox 801 2699 845 2763; x_wconf 91' lang='lat' dir='ltr'><strong>ab</strong></span> <span class='ocrx_word' id='word_1_147' title='bbox 868 2699 944 2783; x_wconf 89' lang='lat' dir='ltr'><strong>ejus</strong></span> <span class='ocrx_word' id='word_1_148' title='bbox 969 2698 1138 2765; x_wconf 84' lang='lat' dir='ltr'><strong>abstinuit</strong></span> <span class='ocrx_word' id='word_1_149' title='bbox 1161 2700 1268 2776; x_wconf 90' lang='lat' dir='ltr'><strong>curia,</strong></span> <span class='ocrx_word' id='word_1_150' title='bbox 1292 2707 1340 2777; x_wconf 86' lang='lat' dir='ltr'><strong>et,</strong></span> 
     </span>
     <span class='ocr_line' id='line_1_24' title="bbox 395 2797 1339 2879; baseline 0.003 -20"><span class='ocrx_word' id='word_1_151' title='bbox 395 2797 553 2878; x_wconf 87' lang='lat' dir='ltr'><strong>quamvis</strong></span> <span class='ocrx_word' id='word_1_152' title='bbox 573 2814 667 2877; x_wconf 87' lang='lat' dir='ltr'><strong>saepe</strong></span> <span class='ocrx_word' id='word_1_153' title='bbox 689 2804 921 2875; x_wconf 88' lang='lat' dir='ltr'><strong>revocaretur,</strong></span> <span class='ocrx_word' id='word_1_154' title='bbox 945 2816 1074 2879; x_wconf 82' lang='lat' dir='ltr'><strong>negare</strong></span> <span class='ocrx_word' id='word_1_155' title='bbox 1094 2800 1339 2879; x_wconf 87' lang='lat' dir='ltr'><strong>perseveravit</strong></span> 
     </span>
     <span class='ocr_line' id='line_1_25' title="bbox 397 2894 1342 2978; baseline 0.001 -19"><span class='ocrx_word' id='word_1_156' title='bbox 397 2894 538 2959; x_wconf 90' lang='lat' dir='ltr'><strong>Interea</strong></span> <span class='ocrx_word' id='word_1_157' title='bbox 570 2894 739 2958; x_wconf 81' lang='lat' dir='ltr'><strong>familiare</strong></span> <span class='ocrx_word' id='word_1_158' title='bbox 768 2896 861 2978; x_wconf 90' lang='lat' dir='ltr'><strong>apud</strong></span> <span class='ocrx_word' id='word_1_159' title='bbox 888 2895 1076 2960; x_wconf 91' lang='lat' dir='ltr'><strong>Geldesord</strong></span> <span class='ocrx_word' id='word_1_160' title='bbox 1104 2915 1182 2960; x_wconf 91' lang='lat' dir='ltr'><strong>cum</strong></span> <span class='ocrx_word' id='word_1_161' title='bbox 1209 2898 1342 2977; x_wconf 81' lang='lat' dir='ltr'><strong>regina,</strong></span> 
     </span>
    </p>
   </div>
   <div class='ocr_carea' id='block_1_3' title="bbox 396 2994 1379 3078">
    <p class='ocr_par' dir='ltr' id='par_1_3' title="bbox 396 2994 1379 3078">
     <span class='ocr_line' id='line_1_26' title="bbox 396 2994 1379 3078; baseline -0.002 -20"><span class='ocrx_word' id='word_1_162' title='bbox 396 2995 513 3060; x_wconf 83' lang='lat' dir='ltr'><strong>fratris</strong></span> <span class='ocrx_word' id='word_1_163' title='bbox 529 3013 651 3072; x_wconf 84' lang='lat' dir='ltr'><strong>uxore,</strong></span> <span class='ocrx_word' id='word_1_164' title='bbox 666 2994 876 3077; x_wconf 89' lang='lat' dir='ltr'><strong>colloquium</strong></span> <span class='ocrx_word' id='word_1_165' title='bbox 898 2994 1031 3072; x_wconf 90' lang='lat' dir='ltr'><strong>babuit,</strong></span> <span class='ocrx_word' id='word_1_166' title='bbox 1047 2994 1191 3078; x_wconf 89' lang='lat' dir='ltr'><strong>ejusque</strong></span> <span class='ocrx_word' id='word_1_167' title='bbox 1205 2996 1341 3078; x_wconf 87' lang='lat' dir='ltr'><strong>lachry-</strong></span> <span class='ocrx_word' id='word_1_168' title='bbox 1376 3073 1379 3078; x_wconf 10' lang='grc' dir='ltr'>ἣ</span> 
     </span>
    </p>
   </div>
   <div class='ocr_carea' id='block_1_4' title="bbox 384 3093 1344 3970">
    <p class='ocr_par' dir='ltr' id='par_1_4' title="bbox 384 3093 1344 3970">
     <span class='ocr_line' id='line_1_27' title="bbox 395 3093 1340 3159; baseline 0 -1"><span class='ocrx_word' id='word_1_169' title='bbox 395 3095 461 3158; x_wconf 85' lang='lat' dir='ltr'><strong>mis</strong></span> <span class='ocrx_word' id='word_1_170' title='bbox 490 3101 526 3158; x_wconf 91' lang='lat' dir='ltr'><strong>et</strong></span> <span class='ocrx_word' id='word_1_171' title='bbox 555 3093 792 3158; x_wconf 85' lang='lat' dir='ltr'><strong>satisfactione</strong></span> <span class='ocrx_word' id='word_1_172' title='bbox 827 3093 995 3158; x_wconf 84' lang='lat' dir='ltr'><strong>infractus</strong></span> <span class='ocrx_word' id='word_1_173' title='bbox 1027 3095 1071 3156; x_wconf 89' lang='lat' dir='ltr'><strong>ad</strong></span> <span class='ocrx_word' id='word_1_174' title='bbox 1103 3095 1340 3159; x_wconf 89' lang='lat' dir='ltr'><strong>liberationem</strong></span> 
     </span>
     <span class='ocr_line' id='line_1_28' title="bbox 395 3193 1341 3276; baseline 0.001 -19"><span class='ocrx_word' id='word_1_175' title='bbox 395 3194 551 3276; x_wconf 83' lang='lat' dir='ltr'><strong>germani</strong></span> <span class='ocrx_word' id='word_1_176' title='bbox 578 3193 728 3257; x_wconf 91' lang='lat' dir='ltr'><strong>animum</strong></span> <span class='ocrx_word' id='word_1_177' title='bbox 754 3193 923 3271; x_wconf 84' lang='lat' dir='ltr'><strong>intendit3</strong></span> <span class='ocrx_word' id='word_1_178' title='bbox 964 3211 1082 3256; x_wconf 90' lang='lat' dir='ltr'><strong>omnes</strong></span> <span class='ocrx_word' id='word_1_179' title='bbox 1110 3195 1215 3257; x_wconf 91' lang='lat' dir='ltr'><strong>etiam</strong></span> <span class='ocrx_word' id='word_1_180' title='bbox 1247 3194 1341 3258; x_wconf 89' lang='lat' dir='ltr'><strong>illius</strong></span> 
     </span>
     <span class='ocr_line' id='line_1_29' title="bbox 396 3291 1342 3376; baseline -0.003 -19"><span class='ocrx_word' id='word_1_181' title='bbox 396 3294 506 3376; x_wconf 87' lang='lat' dir='ltr'><strong>partis</strong></span> <span class='ocrx_word' id='word_1_182' title='bbox 521 3311 608 3375; x_wconf 91' lang='lat' dir='ltr'><strong>quos</strong></span> <span class='ocrx_word' id='word_1_183' title='bbox 619 3293 656 3355; x_wconf 90' lang='lat' dir='ltr'><strong>in</strong></span> <span class='ocrx_word' id='word_1_184' title='bbox 673 3291 818 3356; x_wconf 89' lang='lat' dir='ltr'><strong>concilio</strong></span> <span class='ocrx_word' id='word_1_185' title='bbox 835 3292 1208 3370; x_wconf 87' lang='lat' dir='ltr'><strong>excommunicaverat,</strong></span> <span class='ocrx_word' id='word_1_186' title='bbox 1223 3291 1342 3356; x_wconf 88' lang='lat' dir='ltr'><strong>incon-</strong></span> 
     </span>
     <span class='ocr_line' id='line_1_30' title="bbox 396 3390 1343 3474; baseline -0.002 -18"><span class='ocrx_word' id='word_1_187' title='bbox 396 3393 498 3456; x_wconf 90' lang='lat' dir='ltr'><strong>sultis</strong></span> <span class='ocrx_word' id='word_1_188' title='bbox 527 3391 711 3474; x_wconf 90' lang='lat' dir='ltr'><strong>episcopis,</strong></span> <span class='ocrx_word' id='word_1_189' title='bbox 739 3390 900 3455; x_wconf 84' lang='lat' dir='ltr'><strong>absolvit.</strong></span> <span class='ocrx_word' id='word_1_190' title='bbox 968 3391 1183 3455; x_wconf 86' lang='lat' dir='ltr'><strong>Ferebantur</strong></span> <span class='ocrx_word' id='word_1_191' title='bbox 1214 3399 1250 3454; x_wconf 91' lang='lat' dir='ltr'><strong>et</strong></span> <span class='ocrx_word' id='word_1_192' title='bbox 1279 3413 1343 3474; x_wconf 92' lang='lat' dir='ltr'><strong>per</strong></span> 
     </span>
     <span class='ocr_line' id='line_1_31' title="bbox 384 3488 1343 3576; baseline -0.001 -21"><span class='ocrx_word' id='word_1_193' title='bbox 384 3488 561 3576; x_wconf 16' lang='lat' dir='ltr'><strong>*Angliam</strong></span> <span class='ocrx_word' id='word_1_194' title='bbox 595 3489 671 3572; x_wconf 91' lang='lat' dir='ltr'><strong>ejus</strong></span> <span class='ocrx_word' id='word_1_195' title='bbox 700 3491 737 3553; x_wconf 93' lang='lat' dir='ltr'><strong>in</strong></span> <span class='ocrx_word' id='word_1_196' title='bbox 760 3489 1013 3571; x_wconf 87' lang='lat' dir='ltr'><strong>imperatricem</strong></span> <span class='ocrx_word' id='word_1_197' title='bbox 1038 3492 1209 3570; x_wconf 87' lang='lat' dir='ltr'><strong>querelae:</strong></span> <span class='ocrx_word' id='word_1_198' title='bbox 1248 3491 1343 3573; x_wconf 94' lang='lat' dir='ltr'><strong>quod</strong></span> 
     </span>
     <span class='ocr_line' id='line_1_32' title="bbox 397 3588 1344 3674; baseline 0.003 -23"><span class='ocrx_word' id='word_1_199' title='bbox 397 3608 475 3651; x_wconf 92' lang='lat' dir='ltr'><strong>eum</strong></span> <span class='ocrx_word' id='word_1_200' title='bbox 497 3588 799 3669; x_wconf 84' lang='lat' dir='ltr'><strong>caperevoluerit;</strong></span> <span class='ocrx_word' id='word_1_201' title='bbox 824 3589 916 3670; x_wconf 95' lang='lat' dir='ltr'><strong>quod</strong></span> <span class='ocrx_word' id='word_1_202' title='bbox 933 3589 1097 3673; x_wconf 88' lang='lat' dir='ltr'><strong>quicquid</strong></span> <span class='ocrx_word' id='word_1_203' title='bbox 1112 3590 1143 3652; x_wconf 91' lang='lat' dir='ltr'><strong>ei</strong></span> <span class='ocrx_word' id='word_1_204' title='bbox 1162 3589 1344 3674; x_wconf 85' lang='lat' dir='ltr'><strong>juraverat</strong></span> 
     </span>
     <span class='ocr_line' id='line_1_33' title="bbox 396 3685 1344 3770; baseline 0.002 -20"><span class='ocrx_word' id='word_1_205' title='bbox 396 3687 583 3770; x_wconf 90' lang='lat' dir='ltr'><strong>pronihilo</strong></span> <span class='ocrx_word' id='word_1_206' title='bbox 600 3688 778 3767; x_wconf 86' lang='lat' dir='ltr'><strong>babuerit3</strong></span> <span class='ocrx_word' id='word_1_207' title='bbox 796 3706 915 3751; x_wconf 88' lang='lat' dir='ltr'><strong>omnes</strong></span> <span class='ocrx_word' id='word_1_208' title='bbox 928 3688 1075 3751; x_wconf 88' lang='lat' dir='ltr'><strong>barones</strong></span> <span class='ocrx_word' id='word_1_209' title='bbox 1085 3685 1225 3768; x_wconf 83' lang='lat' dir='ltr'><strong>Angliae</strong></span> <span class='ocrx_word' id='word_1_210' title='bbox 1242 3688 1344 3753; x_wconf 89' lang='lat' dir='ltr'><strong>fidem</strong></span> 
     </span>
     <span class='ocr_line' id='line_1_34' title="bbox 396 3787 1344 3869; baseline 0.002 -19"><span class='ocrx_word' id='word_1_211' title='bbox 396 3806 496 3850; x_wconf 88' lang='lat' dir='ltr'><strong>suam</strong></span> <span class='ocrx_word' id='word_1_212' title='bbox 512 3787 605 3850; x_wconf 89' lang='lat' dir='ltr'><strong>circa</strong></span> <span class='ocrx_word' id='word_1_213' title='bbox 627 3806 704 3852; x_wconf 88' lang='lat' dir='ltr'><strong>eam</strong></span> <span class='ocrx_word' id='word_1_214' title='bbox 721 3787 895 3869; x_wconf 88' lang='lat' dir='ltr'><strong>implesse,</strong></span> <span class='ocrx_word' id='word_1_215' title='bbox 918 3787 979 3850; x_wconf 91' lang='lat' dir='ltr'><strong>sed</strong></span> <span class='ocrx_word' id='word_1_216' title='bbox 1006 3787 1118 3868; x_wconf 87' lang='lat' dir='ltr'><strong>ipsam</strong></span> <span class='ocrx_word' id='word_1_217' title='bbox 1144 3794 1344 3867; x_wconf 86' lang='lat' dir='ltr'><strong>temerasse,</strong></span> 
     </span>
     <span class='ocr_line' id='line_1_35' title="bbox 397 3885 1081 3970; baseline 0 -20"><span class='ocrx_word' id='word_1_218' title='bbox 397 3907 476 3968; x_wconf 83' lang='lat' dir='ltr'><strong>quae</strong></span> <span class='ocrx_word' id='word_1_219' title='bbox 492 3887 672 3970; x_wconf 88' lang='lat' dir='ltr'><strong>acquisitis</strong></span> <span class='ocrx_word' id='word_1_220' title='bbox 687 3885 739 3950; x_wconf 84' lang='lat' dir='ltr'><strong>uti</strong></span> <span class='ocrx_word' id='word_1_221' title='bbox 752 3887 906 3951; x_wconf 87' lang='lat' dir='ltr'><strong>modeste</strong></span> <span class='ocrx_word' id='word_1_222' title='bbox 920 3887 1081 3950; x_wconf 89' lang='lat' dir='ltr'><strong>nesciret.</strong></span> 
     </span>
    </p>
   </div>
   <div class='ocr_carea' id='block_1_5' title="bbox 608 4194 1203 4268">
    <p class='ocr_par' dir='ltr' id='par_1_5' title="bbox 608 4194 1203 4268">
     <span class='ocr_line' id='line_1_36' title="bbox 608 4194 1203 4268; baseline -0.002 -19"><span class='ocrx_word' id='word_1_223' title='bbox 608 4198 616 4230; x_wconf 88' lang='lat'>¹</span> <span class='ocrx_word' id='word_1_224' title='bbox 629 4195 775 4268; x_wconf 70' lang='lat' dir='ltr'><strong>Quotiens]</strong></span> <span class='ocrx_word' id='word_1_225' title='bbox 799 4201 849 4260; x_wconf 84' lang='lat' dir='ltr'><strong>E.;</strong></span> <span class='ocrx_word' id='word_1_226' title='bbox 868 4201 986 4262; x_wconf 85' lang='lat' dir='ltr'><strong>qualiter,</strong></span> <span class='ocrx_word' id='word_1_227' title='bbox 998 4201 1026 4250; x_wconf 76' lang='lat' dir='ltr'><strong>S.</strong></span> <span class='ocrx_word' id='word_1_228' title='bbox 1035 4200 1069 4250; x_wconf 90' lang='lat' dir='ltr'><strong>D.</strong></span> <span class='ocrx_word' id='word_1_229' title='bbox 1083 4200 1135 4248; x_wconf 72' lang='lat' dir='ltr'><strong>La.</strong></span> <span class='ocrx_word' id='word_1_230' title='bbox 1200 4194 1203 4200; x_wconf 82' lang='grc'><strong>’</strong></span> 
     </span>
    </p>
   </div>
   <div class='ocr_carea' id='block_1_6' title="bbox 0 0 1559 4960">
    <p class='ocr_par' dir='ltr' id='par_1_6' title="bbox 0 0 1559 4960">
     <span class='ocr_line' id='line_1_37' title="bbox 0 0 1559 4960; baseline 0 0"><span class='ocrx_word' id='word_1_231' title='bbox 0 0 1559 4960; x_wconf 95' lang='lat' dir='ltr'><strong> </strong></span> 
     </span>
    </p>
   </div>
  </div>
 </body>
</html>
