3152 4970
409 457 475 524 658
630 473 744 522 cnsrn
769 473 894 522 nacon
919 471 1132 524 nncnonuu.
1226 459 1364 540 [nrav.

248 650 368 690 canan
409 635 620 694 tecessorum
647 648 789 694 suorum
821 647 1025 711 recuperare
1053 635 1088 692 et
1114 635 1232 693 tenere
1258 630 1361 712 adju-

248 701 382 792 {stultit
410 729 511 806 rabo,
534 730 625 793 bona
647 729 725 804 fide,
741 730 816 792 sine
835 727 956 792 fraude
971 734 1006 790 et
1022 728 1113 790 malo
1136 727 1298 809 ingenio:
1323 736 1360 793 et

250 799 314 851 Μ
322 810 366 842 “”’
408 826 547 892 comino
577 847 680 910 papae
706 827 869 892 Paschali
894 826 1064 903 obediam,
1095 826 1194 890 salvo
1225 827 1358 891 honore

408 927 507 1007 regni
529 934 565 991 et
586 927 732 1009 imperii,
749 928 841 991 sicut
862 926 1024 990 catholici
1049 925 1276 1007 imperatores
1298 946 1358 990 ca-

409 1024 548 1090 tholicis
570 1026 791 1107 pontificibus
808 1024 1001 1089 Romanis!
1053 1024 1100 1088 Et
1121 1025 1181 1089 isti
1203 1033 1285 1089 sunt
1297 1026 1358 1108 ju-

408 1130 544 1188 ratores
568 1143 613 1188 ex
640 1133 739 1207 parte
760 1125 870 1205 ipsius
892 1124 1006 1204 regis:
1038 1123 1234 1188 Fridericus
1252 1124 1357 1188 Colo-

409 1223 540 1286 niensis
562 1224 854 1306 archiepiscopus,
878 1220 1108 1286 Godehardus
1134 1222 1357 1286 Tridentinus

409 1323 606 1405 episcopus
633 1324 753 1388 Bruno
766 1321 938 1404 Spirensis
956 1322 1151 1404 episcopus
1177 1323 1356 1404 Bercnga-

408 1422 481 1486 rius
508 1441 635 1498 comes
659 1421 825 1488 Alhertns
853 1421 1091 1496 cancellarius,
1120 1420 1356 1484 Herimannus

408 1538 537 1596 comes,
561 1521 758 1586 Fridericus
786 1539 901 1584 comes
926 1519 1114 1602 palatinus,
1145 1520 1356 1584 Bouefacius

409 1619 575 1696 marchio,
593 1617 759 1683 Alhertus
783 1639 898 1684 comes
920 1619 963 1682 de
985 1619 1207 1695 Blandriaco,
1235 1619 1354 1684 Fride·

408 1717 501 1782 ricus
523 1737 651 1795 comae,
668 1717 876 1784 Godefricus
896 1703 1243 1795 comes,War1ierius
1265 1737 1356 1782 mar-

409 1815 496 1880 chio.

248 1933 376 1976 umento
461 1914 479 1998 §
506 1914 583 1980 423.
612 1915 693 1979 Hac
717 1915 945 1980 conventione
968 1915 1121 1998 expleta,
1149 1922 1185 1979 et
1210 1915 1357 1997 praedic·

245 1986 398 2075 mlius
409 2020 524 2078 torum
558 2015 798 2098 episcoporum
824 2022 860 2080 ct
884 2014 1111 2078 cardinalium
1138 2023 1356 2080 sacramento

247 2094 367 2222 irffiih
409 2114 624 2190 confirmata,
641 2114 761 2180 osculo
778 2114 940 2196 utrinque
962 2113 1057 2190 dato,
1079 2113 1238 2177 dominns
1262 2134 1355 2197 papa

247 2194 374 2274 inullis
409 2220 536 2295 quarto
559 2214 638 2277 idus
653 2211 797 2296 Aprilis,
821 2213 1005 2277 Dominica
1031 2211 1143 2291 Quasi
1168 2213 1270 2279 modo
1293 2234 1354 2294 ge-

409 2312 487 2389 niti,
500 2312 641 2376 missam
656 2312 844 2376 celebravit
859 2331 868 2390 ;
890 2311 928 2375 in
943 2331 1024 2394 qua,
1042 2318 1122 2394 post
1140 2312 1352 2378 communio·

408 2429 487 2476 nem
502 2431 602 2475 suam
619 2419 656 2476 et
665 2411 900 2476 ministrorum
914 2411 1046 2486 altaris,
1061 2411 1263 2493 imperatori
1279 2429 1353 2476 cor-

407 2528 473 2590 pus
496 2518 532 2575 et
552 2511 756 2592 sanguinem
774 2505 933 2574 ¹Domini
952 2509 1047 2574 dedit
1073 2510 1111 2572 in
1135 2510 1210 2574 haec
1226 2512 1352 2575 verba:

407 2608 510 2672 ‘Hoc
528 2610 747 2673 Dominicurn
762 2627 900 2691 corpus,
918 2609 1010 2691 quod
1026 2616 1248 2674 sacrosancto
1259 2617 1355 2674 tenet

407 2706 565 2784 ccclesia,
590 2715 710 2772 uatum
736 2727 781 2770 ex
805 2708 921 2772 Maria
942 2708 1089 2789 virgine,
1117 2709 1287 2775 elevatum
1315 2711 1353 2772 in

406 2824 508 2868 cruce
530 2826 593 2888 pro
620 2805 856 2888 redemptione
884 2805 1025 2870 humani
1053 2807 1203 2888 generis,
1229 2807 1352 2870 damus

407 2903 470 2968 tihi
491 2903 558 2990 (lili
579 2902 796 2990 charissime)
813 2905 848 2968 in
871 2906 1107 2970 remissionem
1131 2913 1352 2988 pcccatorum

406 3009 557 3079 tuorum,
573 3010 608 3068 et
624 3005 661 3068 in
676 3004 974 3071 conservationem
995 3004 1239 3070 confirmandae
1256 3007 1353 3088 pacis

406 3110 442 3167 et
455 3123 547 3168 verae
559 3104 721 3170 amicitiae
739 3103 829 3168 inter
845 3123 900 3167 me
923 3110 958 3166 et
971 3110 1018 3181 te,
1033 3111 1069 3168 et
1084 3124 1228 3186 regnum
1245 3112 1280 3168 et
1294 3125 1366 3174 sa·.

405 3203 620 3269 cerdotium.’
669 3201 793 3268 Altero
807 3222 890 3267 vero
912 3203 967 3266 die
991 3203 1204 3284 apostolicus
1227 3210 1262 3268 et
1287 3223 1350 3268 rex

404 3295 467 3366 'ad
482 3303 660 3369 columnas
676 3321 754 3385 quae
770 3301 903 3366 suntin
919 3301 995 3366 foro
1006 3310 1263 3382 convenerunt3
1281 3303 1352 3368 dis-

404 3402 527 3482 positis
542 3402 712 3484 praesidiis
727 3401 949 3466 loricatorum
966 3400 1161 3483 ubicunque
1170 3403 1352 3467 videbatur

404 3517 492 3582 opus
514 3519 603 3577 esse,
618 3521 661 3564 ne
676 3500 900 3583 impediretur
913 3500 1006 3581 regis
1029 3502 1250 3566 consecratio.
1304 3502 1351 3566 Et

403 3595 440 3660 in
456 3596 638 3680 Argentea
654 3600 764 3665 Porta
784 3606 942 3682 receptus
960 3606 1014 3663 est
1029 3619 1092 3664 rex
1109 3601 1153 3664 ab
1167 3602 1350 3683 episcopis,

403 3703 440 3760 et
454 3697 699 3776 cardinalibus,
714 3706 750 3762 et
767 3706 843 3763 toto
867 3698 960 3762 clero
977 3698 1158 3780 Roman03
1183 3708 1217 3764 et
1235 3708 1351 3783 coepta

403 3796 560 3861 oratione
584 3817 662 3880 quae
696 3799 733 3860 in
763 3799 882 3862 ordine
907 3797 1104 3862 continetur
1126 3800 1170 3862 ab
1197 3799 1350 3863 Ostiensi

402 3896 576 3980 episcopo,
599 3897 762 3979 quoniam
777 3896 937 3961 Albanus
956 3896 1086 3975 deerat,
1109 3917 1222 3981 aquo
1245 3898 1352 3962 dehu-

329 4173 338 4186 ‚
436 4122 580 4188 11)ωηιίιι“.]
604 4125 637 4174 Α.
656 4127 684 4176 S.
707 4129 736 4178 C.
755 4128 790 4178 D.
807 4129 863 4178 En.
926 4101 996 4152 2Αά
1015 4107 1156 4187 columnus]
1175 4107 1308 4167 Supposed
1327 4111 1353 4156 to

400 4193 469 4254 ης
486 4196 589 4245 omitted
601 4197 626 4244 in
640 4198 693 4246 ΕΙ,
890 4173 921 4220 he
940 4173 982 4222 the
999 4175 1147 4226 remarnscf
1160 4175 1202 4224 the
1219 4176 1311 4238 temple
1328 4175 1358 4226 or'

888 4243 992 4305 Jupiter
1002 4245 1094 4295 Stator.
