3140 4974
254 668 350 708 Amant
358 665 383 705 ot

256 716 387 758 Bohemond.

415 474 480 538 600
633 489 746 538 cnsrr
769 490 896 538 nncuu
920 489 1133 538 ancmauu.
1204 473 1294 557 [nra.
1313 494 1362 542 lv.

417 645 561 708 scientia
574 651 609 710 et
622 645 750 709 virtute
766 644 852 708 nulli
871 644 1055 708 secundus.
1107 641 1175 707 Sed
1192 647 1367 729 quisquae

418 764 496 807 cum
520 745 655 808 caeteris
683 745 764 808 fecit
786 743 959 807 communi
978 742 1073 806 laudi
1095 763 1170 808 sors
1196 746 1368 822 attribuit,

418 850 454 906 et
471 843 642 925 quomodo
663 849 787 925 captus
808 841 912 905 suerit
926 842 1078 906 anterior
1099 861 1211 906 sermo
1233 846 1367 908 notitiae

419 942 525 1018 dedit,
539 961 630 1005 nunc
644 942 793 1024 qualiter
808 960 846 1004 se
861 941 1005 1004 servitio
1020 942 1157 1005 exuerit
1173 942 1366 1007 dicendum.

421 1041 615 1105 Danisrnan
645 1042 748 1117 enim,
778 1060 856 1103 cum
882 1039 1016 1103 videret
1039 1039 1124 1102 nihil
1159 1042 1366 1106 utilitatibus

421 1141 494 1204 suis
509 1140 676 1222 applicari
684 1139 777 1222 quod
790 1145 927 1202 tantum
936 1139 1049 1202 virum
1059 1145 1204 1216 teneret,
1216 1141 1367 1204 inflexus

422 1233 548 1302 ¹animo
578 1238 621 1302 de
651 1240 748 1321 pacis
773 1236 1029 1300 conditionibus
1060 1240 1205 1301 actitare
1222 1239 1366 1321 ¹coepit:

422 1358 503 1401 nam
525 1356 588 1400 nec
606 1338 704 1402 illum
721 1337 887 1412 occidere,
915 1355 960 1399 ne
983 1337 1020 1400 in
1043 1355 1080 1398 se
1104 1336 1184 1400 odia
1199 1337 1368 1402 Christia-

422 1455 546 1501 norum
563 1435 673 1500 effusa
694 1436 895 1511 concitaret,
911 1453 986 1511 nec,
1001 1435 1076 1498 sine
1090 1437 1217 1516 spebus
1234 1438 1270 1500 in
1287 1456 1366 1518 per·

423 1542 566 1617 potuum
580 1535 739 1598 valiturae
753 1535 860 1616 pacis,
874 1534 1047 1597 dimittere
1057 1534 1206 1597 volebat.
1258 1534 1367 1598 Polli-

423 1634 513 1696 citus
529 1652 613 1713 ergo
627 1632 853 1696 Boamundus
866 1633 1066 1696 continuam
1083 1633 1205 1713 gentili
1226 1653 1369 1697 concor-

423 1732 528 1808 diam,
554 1732 696 1795 revertit
718 1729 951 1806 Antiochiam,
977 1739 1160 1812 argenteos
1187 1733 1368 1815 compedes

424 1831 548 1912 quibus
569 1825 751 1911 ²alligatus
776 1829 890 1892 fuerat
912 1849 1028 1893 secum
1051 1828 1227 1894 deferens:
1252 1849 1274 1894 a
1294 1831 1368 1894 suis

423 1949 506 2011 ergo
517 1937 685 2011 exceptus
695 1929 936 2012 plausibiliter,
950 1927 1161 2005 Laodiciam,
1176 1937 1212 1992 et
1224 1937 1370 1994 caeteras

422 2030 525 2093 nrbes
550 2048 638 2111 quas
664 2028 865 2092 'l'ancredus
896 2027 1115 2108 acquisierat,
1139 2030 1302 2110 suscepit,
1325 2048 1369 2092 ne

421 2128 597 2192 videretur
612 2128 759 2192 oscitare
775 2128 847 2190 otio
867 2126 948 2189 dum
963 2126 1155 2189 avunculus
1179 2127 1372 2207 suspiraret

421 2228 458 2289 in
473 2229 659 2308 ergastulo.
712 2225 747 2288 N
750 2245 788 2289 ec
814 2225 922 2288 multo
946 2231 1027 2309 post
1043 2223 1179 2288 Gallias
1196 2227 1303 2302 venit,
1317 2225 1369 2289 of-

422 2326 536 2390 ferens
552 2334 693 2390 catenas
716 2325 828 2388 sancti
853 2322 1025 2387 Leonardi
1045 2323 1179 2397 honori,
1202 2343 1280 2406 quae
1303 2325 1369 2388 sibi

423 2424 561 2488 fuerant
582 2425 687 2488 oneri.
740 2423 865 2487 Fertur
878 2423 967 2485 enim
982 2423 1017 2484 in
1034 2423 1153 2504 primis
1171 2415 1247 2486 ³ille
1269 2442 1370 2487 sanc·

425 2531 482 2586 tus
506 2522 794 2588 absolvendorum
808 2522 1023 2586 vinculorum
1033 2527 1169 2601 potens,
1185 2529 1237 2599 ut,
1250 2522 1370 2585 viden-

424 2622 517 2684 tibus
531 2641 594 2685 nec
613 2622 738 2684 mutire
762 2621 970 2683 audentibus
984 2620 1202 2697 adversariis
1217 2620 1371 2702 pondera

426 2738 490 2782 sua
520 2721 679 2800 captivus
709 2719 795 2782 liber
825 2724 990 2800 asportet.
1043 2718 1101 2781 Ita
1131 2718 1236 2782 ducta
1261 2739 1371 2783 uxore

426 2818 499 2880 iilia
521 2819 613 2898 regis
631 2819 856 2892 Francorum,
873 2824 909 2880 et
923 2818 1035 2880 altera
1050 2816 1230 2880 Teneredo
1252 2819 1370 2894 missa,

426 2917 565 2997 repetiit
601 2914 787 2998 Apuliam3
824 2916 1047 2996 sequentibus
1087 2933 1125 2977 se
1159 2915 1372 2980 Francorum

426 3017 637 3096 proceribus
653 3015 713 3097 qui
730 3033 791 3096 spe
808 3014 949 3096 majoris
967 3013 1136 3077 commodi
1148 3015 1297 3096 patriam
1311 3015 1371 3078 de-

427 3116 600 3190 serebant,
623 3113 724 3176 simul
748 3120 785 3176 et
806 3113 996 3195 spectaturi
1019 3112 1174 3175 cominus
1191 3113 1273 3194 quid
1290 3113 1372 3177 viva

427 3214 566 3278 virtutis
583 3213 715 3294 species
735 3211 895 3288 efficeret,
910 3229 1014 3292 quam
1031 3216 1103 3272 tam
1119 3211 1265 3292 insignis
1280 3211 1373 3275 fama

426 3313 553 3396 ubique
574 3312 785 3393 loqueretur.
836 3310 962 3391 Itaque
985 3309 1056 3385 ille,
1079 3309 1256 3390 dispositis
1278 3311 1372 3393 apud

460 3547 587 3620 Uatinia]
600 3553 629 3602 S.
637 3554 726 3614 D.1·:.;
741 3553 818 3601 animi
826 3555 888 3603 mol·
909 3555 935 3603 in
947 3556 1044 3618 chains,
1055 3557 1087 3605 he
1099 3556 1189 3607 should
1200 3561 1372 3622 immediately

424 3622 489 3683 litie,
499 3622 531 3671 L.
910 3625 940 3673 he
957 3630 996 3673 set
1018 3631 1046 3673 at
1061 3627 1161 3688 liberty.
1196 3630 1232 3677 At
1247 3630 1334 3692 length
1350 3633 1371 3679 it

460 3719 888 3789 1
909 3694 1013 3810 reu
1032 3694 1369 3817 {cremar

427 3792 456 3842 δ’
470 3793 543 3842 C'L'
910 3778 1075 3880 corrugari
1097 3781 1266 3885 invehedyhlib
1286 3784 1369 3898 namsi:

460 3891 471 3923 ⁸
495 3895 540 3942 lue
567 3898 665 3943 sanctos
694 3895 888 3945 madoeudorum
909 3899 949 3948 his
969 3901 1056 3950 chains
1075 3903 1246 3965 immediately
1263 3905 1307 3954 fell
1326 3907 1368 3968 off,

423 3958 887 4030 vinculorumpotens.]‘Leonardwas
910 3983 938 4016 so
960 3970 1015 4018 that
1036 3971 1068 4018 he
1098 3973 1179 4032 might
1199 3973 1299 4036 depart,
1326 3976 1368 4024 the

424 4033 887 4098 grmdsontocloviskingofFrance,
909 4038 1016 4100 keepers
1036 4040 1188 4090 themselves
1216 4043 1310 4104 having
1337 4060 1369 4093 no

424 4101 474 4148 and
485 4103 613 4161 obtained,
624 4102 733 4163 through
743 4103 786 4150 the
797 4103 887 4153 favour
908 4122 995 4166 power
1006 4113 1031 4157 to
1042 4114 1146 4170 prevent
1161 4111 1222 4159 him.
1240 4113 1305 4161 Vide
1322 4113 1371 4162 Su·

423 4170 452 4219 of
468 4171 523 4218 that
538 4170 667 4232 monarch,
678 4171 742 4232 that,
752 4171 886 4221 whenever
908 4177 1370 4246 rius,VitaeSanct.Nov.6.’(Sharpe,

423 4237 455 4287 he
475 4239 566 4288 should
583 4254 625 4288 see
642 4255 692 4301 any
704 4255 750 4290 one
762 4241 820 4290 who
831 4257 885 4292 was
907 4242 981 4311 ill.)
