3080 4960
200 490 272 538 urs.
289 474 364 555 ua]
489 492 663 540 merome
687 492 865 549 Novanus.
1088 477 1154 550 759

199 647 465 730 imperatricem,
489 648 678 730 praemisit3
713 648 838 730 quibus
865 641 1150 730 ¹praetergressis,
1163 666 1299 754 paritur.-

200 752 241 809 ut
259 746 335 829 Jam
361 753 438 810 tuto
463 754 604 829 possent
626 746 785 823 evadere,
802 747 877 829 ipse
902 748 1030 810 sensim
1053 717 1299 828 equi-dlligite

200 853 291 923 tans,
306 865 349 909 ne
364 845 486 910 similis
503 846 596 928 fugae
616 847 783 928 profectio
803 852 995 928 putaretur,
1009 845 1150 910 admisit
1161 814 1245 928 iili*
1254 827 1304 858 ⁰⁰¹*

199 943 236 1006 in
257 963 295 1008 se
320 946 600 1027 persequentium
613 963 747 1022 manus,
763 946 950 1009 amicorum
972 945 1148 1009 liberatio-

200 1062 279 1107 nem
305 1043 550 1125 impedimento
576 1063 640 1108 suo
664 1051 847 1109 mercatus.
899 1042 922 1107 J
925 1063 981 1106 am
1001 1063 1083 1107 vero
1111 1044 1148 1106 iu

199 1140 278 1223 ipsa
293 1143 454 1224 captione
470 1162 570 1206 nemo
585 1161 662 1206 eum
681 1141 738 1228 (ut
755 1151 837 1206 ante
852 1139 944 1226 dixi)
961 1143 1017 1207 vel
1039 1142 1149 1205 sensit

200 1239 372 1322 dejectum
395 1243 523 1319 animo,
541 1241 597 1305 vel
621 1241 755 1304 audivit
777 1240 941 1305 humilem
964 1243 1000 1303 in
1019 1241 1146 1305 verbo:

200 1339 287 1402 adeo
300 1357 408 1421 supra
422 1327 598 1404 fortunam
611 1342 761 1403 eminere
774 1339 969 1416 videbatur,
977 1348 1017 1402 ut
1032 1359 1148 1421 perse·

201 1444 339 1500 cutores
364 1436 558 1524 suos,(uolo
582 1438 673 1501 enim
697 1439 810 1501 dicere
829 1434 965 1519 hostes)
985 1438 1029 1501 ad
1052 1457 1150 1501 reve-

199 1537 348 1599 rentiam
364 1537 420 1600 sui
436 1537 617 1601 excitaret.
671 1535 797 1618 Itaque
819 1538 951 1618 regina,
966 1555 1045 1618 quae
1068 1537 1148 1599 licet

200 1635 413 1698 meminisset
430 1636 541 1700 virum
558 1654 658 1698 suum
676 1635 751 1719 ejus
759 1636 862 1718 jussu
881 1635 988 1726 fuisse
1012 1654 1149 1717 compe-

200 1733 322 1810 ditum,
345 1733 431 1797 nibil
453 1734 485 1797 oi
507 1753 660 1816 unquam
684 1735 900 1798 vinculorum
926 1734 1046 1799 inferri
1069 1753 1147 1817 per-

201 1832 306 1907 misit,
316 1851 380 1895 nec
396 1833 582 1914 quicquam
597 1831 817 1896 inhonestum
826 1834 869 1897 de
884 1853 948 1897 sua
965 1833 1148 1917 majestate

201 1930 441 2012 praesumpsit:
474 1931 621 2012 denique
647 1929 740 2012 apud
768 1930 1018 1996 Rovecestram
1048 1929 1148 2016 (illuc

201 2028 330 2110 quippe
347 2029 472 2092 ductus
487 2026 571 2112 fuit)
585 2029 691 2092 libere
714 2029 758 2092 ad
781 2030 944 2092 ecclesias
960 2029 1051 2092 insra
1072 2048 1148 2093 cas·

201 2126 321 2192 tellum
333 2147 401 2209 quo
419 2127 549 2191 libebat
571 2128 664 2206 ibat3
688 2127 862 2209 atquibus
884 2129 1014 2192 libebat
1028 2129 1147 2210 loque-

201 2224 315 2303 batur,
329 2227 407 2308 ipsa
420 2226 593 2290 duntaxat
609 2227 729 2306 regina
749 2233 941 2308 praesente:
965 2245 1045 2290 uam
1069 2233 1148 2308 post

202 2324 449 2405 profectionem
467 2323 542 2408 ejus
568 2325 605 2388 in
622 2325 744 2389 turrim
767 2326 834 2388 sub
856 2325 963 2389 libera
991 2325 1149 2390 custodia

201 2422 326 2487 ductus
352 2431 417 2500 est,
435 2424 521 2487 adeo
545 2423 708 2505 praesenti
724 2429 759 2486 et
775 2442 897 2488 securo
921 2425 1035 2488 animo
1050 2430 1091 2487 ut
1106 2424 1150 2486 ab

202 2521 397 2587 bominibus
419 2522 491 2586 suis
509 2521 551 2585 de
569 2520 696 2586 Cantia
713 2530 857 2604 accepta
874 2524 1023 2604 pecunia
1042 2541 1150 2604 equos

203 2639 273 2683 nou
287 2621 386 2702 parvi
401 2621 503 2703 pretii
514 2626 742 2703 compararet,
754 2622 814 2702 qui
830 2622 861 2684 ei
877 2629 957 2703 post
973 2622 1152 2705 aliquanto

202 2726 358 2806 tempore
376 2727 410 2784 et
427 2720 505 2784 usui
520 2726 556 2784 et
571 2720 750 2784 commodo
764 2718 871 2782 fuere.

453 2911 500 2957 DE
524 2910 768 2958 LIBERATIONE
792 2909 909 2957 REGIS.

256 3014 345 3099 §58.
369 3016 565 3080 Tentavere
589 3017 702 3097 primo
725 3016 880 3090 comites,
898 3022 933 3077 et
957 3014 992 3077 bi
1010 3033 1155 3095 quorum

205 3113 371 3177 intererat
398 3113 441 3176 de
466 3113 594 3178 talibus
621 3113 729 3195 loqui,
750 3113 781 3174 si
802 3112 891 3176 sorte
916 3131 1031 3192 regem
1057 3119 1093 3175 et
1118 3131 1155 3174 se

207 3210 336 3274 sineret
352 3213 461 3294 aequis
478 3210 733 3275 conditionibus
747 3211 898 3274 liberari.
937 3210 1018 3274 Hoc
1035 3229 1155 3292 quam·

207 3310 260 3371 vis
284 3309 431 3374 Mabilla
448 3311 625 3374 comitissa
645 3327 717 3390 prae
740 3307 909 3372 desiderio
926 3310 992 3372 viri
1018 3311 1072 3371 sui
1087 3302 1155 3372 2(11-

206 3406 288 3471 lecti
314 3410 432 3472 statim
455 3409 618 3490 amplexa
641 3407 776 3470 nunciis
810 3409 962 3489 acceptis
993 3413 1095 3483 esset,
1120 3408 1157 3469 in

208 3505 284 3589 ejus
298 3506 537 3570 liberationem
559 3505 735 3590 conjugali
752 3505 920 3569 charitate
943 3507 1156 3587 propensior,

207 3603 266 3667 ille
280 3605 494 3686 profundiori
511 3606 655 3670 consilio
672 3603 896 3680 contradixit,
910 3624 1027 3684 regem
1050 3612 1085 3668 et
1099 3624 1155 3667 co·

208 3704 325 3766 mitem
357 3725 428 3769 non
460 3705 604 3786 aequalis
634 3703 795 3786 ponderis
824 3721 900 3766 esse
930 3721 1154 3766 asseverans:

209 3807 385 3879 caeterum,
403 3803 433 3865 si
447 3803 684 3885 permitterent
698 3820 816 3866 omnes
830 3803 889 3882 qui
900 3801 954 3866 vel
969 3820 1086 3864 secum
1101 3801 1157 3863 vel

210 3900 263 3962 sui
279 3920 385 3976 causa
407 3903 501 3983 capti
524 3908 639 3964 essent
661 3900 813 3977 liberari,
828 3901 863 3962 id
889 3918 1050 3981 esposse
1072 3900 1156 3981 pati.

246 4162 252 4192 ¹
263 4161 475 4234 Prandente]
488 4168 536 4228 E.;
549 4181 673 4228 praegres·
733 4163 872 4228 ἣΜοστιζ]
881 4165 915 4215 Ε.
927 4161 1047 4225 ;omitted
1057 4163 1084 4211 iu
1096 4163 1161 4212 SJ).

210 4233 412 4294 smdstbz
699 4236 755 4284 La

959 4321 1041 4366 31³2
