3148 4982
251 501 318 548 um.
336 486 401 566 1v.]
476 501 590 548 enses
614 500 740 547 secun
765 500 978 550 nuouonun.
1091 532 1099 547 .
1136 487 1201 549 507

250 663 322 718 tam
335 656 484 719 ubertim
501 657 656 720 manavit
669 663 709 720 ut
724 657 876 720 vicinum
890 659 1018 723 vadum
1034 659 1200 725 inficeret.

251 752 428 819 Audiebat
452 755 511 819 ille
536 756 622 832 haec,
648 761 683 818 et
698 749 869 836 ¹ridebat;
894 778 957 822 nec
982 777 1046 821 sua
1068 759 1202 823 somnia

252 854 358 931 dese,
373 875 436 918 nec
454 855 600 918 aliorum
615 855 704 931 visa,
720 874 858 919 curans

303 953 417 1037 §332
449 955 565 1018 Multa
595 955 637 1017 de
666 953 776 1036 ipsius
800 947 902 1018 ²uece
928 961 962 1018 et
989 957 1140 1037 praevisa
1165 963 1201 1019 et

251 1053 419 1135 praedicta
442 1052 598 1116 homines
624 1052 751 1130 ferunt,
778 1073 924 1137 quorum
949 1055 1017 1118 tria
1039 1055 1200 1138 probabi·
1239 1086 1241 1091 v

252 1153 336 1215 lium
351 1153 538 1216 relatorum
553 1152 751 1216 testimonio
770 1152 912 1217 lecturis
928 1155 1199 1222 communicabo.

255 1251 435 1328 Edmerus‚
450 1259 647 1315 nostrorum
668 1260 862 1334 temporum
884 1245 1068 1316 historicus
1090 1254 1200 1317 since-

254 1351 357 1415 ritate
368 1352 524 1415 veritatis
542 1350 748 1428 laudandus
763 1351 847 1415 dicit
861 1351 1010 1415 nobilem
1024 1354 1122 1416 illum
1139 1372 1201 1416 ex·

256 1451 347 1514 ulem
363 1449 578 1528 Auselmum,
601 1471 678 1514 cum
699 1469 768 1532 quo
791 1451 921 1535 pariter
943 1453 1054 1514 omnis
1080 1451 1202 1532 religio

255 1551 433 1627 exulabat,
452 1550 733 1614 Marcenniacum
741 1551 890 1626 venisse,
905 1556 945 1612 ut
960 1549 1124 1632 Hugouis
1141 1552 1201 1613 ab·

257 1649 347 1713 batis
363 1648 599 1713 cluniacensis
622 1649 842 1713 conscientiae
864 1648 1022 1730 querelas
1043 1669 1202 1713 curarum

255 1768 395 1812 suarum
419 1749 604 1830 ingereret.
656 1748 723 1825 Ibi,
746 1768 824 1812 cum
850 1747 892 1811 de
922 1767 1004 1829 rege
1026 1748 1203 1813 Willelmo

256 1867 368 1911 sermo
391 1848 619 1925 volutaretur,
645 1848 804 1911 abbatem
831 1847 1034 1929 praedictum
1060 1847 1203 1926 dixisse,

257 1949 417 2030 proxima
440 1955 542 2011 nocte
565 1966 681 2029 regem
703 1947 800 2009 illum
819 1953 899 2010 ante
914 1946 1026 2010 Deum
1049 1948 1203 2025 ductum,

257 2055 292 2110 et
316 2047 551 2130 adjudicatum
576 2047 702 2110 librato
722 2046 867 2129 judicio,
895 2047 1028 2109 tristem
1044 2040 1204 2110 ³damua·

257 2147 360 2210 tionis
375 2147 521 2209 subiisse
538 2146 755 2209 sententiam.
809 2145 852 2208 Id
869 2164 938 2227 quo
956 2145 1057 2210 modo
1074 2154 1203 2222 nosset,

258 2265 321 2309 nec
351 2247 425 2327 ipse
451 2254 533 2308 tunc
557 2245 730 2327 exposuit,
753 2263 816 2307 nec
840 2244 965 2325 aliquis
991 2245 1204 2308 audientium

257 2345 457 2427 requisivit:
492 2352 731 2419 veruntamen,
756 2362 820 2425 pro
846 2345 1004 2407 contuitu
1027 2344 1205 2425 religionis

258 2444 345 2528 ejus,
362 2443 450 2507 nulli
471 2445 695 2526 praesentium
717 2442 760 2505 de
782 2442 849 2504 fide
873 2442 1042 2506 dictorum
1066 2442 1204 2506 inhaesit

261 2544 471 2625 ambiguum.
525 2542 612 2625 Ejus
637 2548 713 2605 erat
738 2541 820 2605 vitae
843 2540 964 2622 Hugo,
989 2542 1065 2625 ejus
1091 2541 1204 2618 famae,

259 2649 298 2706 ut
318 2636 436 2706 omues
457 2641 533 2724 ejus
549 2635 781 2723 *suspicerent
795 2640 980 2722 eloquium,
998 2641 1207 2704 mirarentur

261 2742 454 2818 consilium,
470 2741 570 2822 quasi
587 2760 631 2803 ex
648 2740 782 2803 coelesti
795 2739 891 2803 aditu
906 2739 1118 2804 insonuisset
1128 2758 1207 2803 ora·

260 2841 383 2904 culum.
418 2839 494 2903 Nec
511 2839 620 2902 multo
637 2847 718 2920 post
732 2839 858 2915 occiso,
876 2845 916 2902 ut
931 2840 1097 2917 dicemus,
1114 2857 1207 2919 rege,

259 2940 356 3002 venit
379 2940 525 3003 nuncius
543 2946 583 3002 ut
608 2939 724 3002 sedem
752 2957 851 3001 suam
874 2937 1075 3020 dignaretur
1096 2937 1208 3002 archi-

260 3031 451 3121 episcopus.

312 3137 422 3220 §333.
447 3135 563 3200 Pridie
586 3155 690 3216 quam
714 3129 915 3198 ⁵excederet
927 3137 1013 3213 vita,
1034 3136 1122 3200 vidit
1149 3155 1210 3217 per

261 3237 412 3320 quietem
429 3254 466 3300 se
484 3235 696 3317 phlebotomi
711 3236 783 3297 ictu
806 3235 1009 3314 sanguinem
1032 3235 1208 3312 emittere;

260 3335 398 3425 radium
417 3335 548 3398 cruoris
569 3334 605 3396 in
619 3333 745 3396 coelum
761 3351 869 3413 usque
885 3340 1083 3414 protentum
1097 3333 1210 3396 lucem

262 3435 476 3510 obnubilare,
509 3433 599 3496 diem
633 3432 854 3515 interpolare.
925 3432 994 3508 Ita,
1024 3432 1211 3495 inclamata

265 3542 386 3597 sancta
421 3533 548 3609 Maria,
579 3551 701 3594 somno
739 3549 919 3607 excussus,
950 3531 1066 3594 lumen
1094 3530 1212 3593 inferri

265 3633 442 3715 praecepit,
470 3639 505 3695 et
531 3630 761 3694 cubicularios
787 3649 808 3692 a
829 3648 866 3692 se
891 3629 1066 3694 discedere
1091 3630 1211 3693 vetuit.

299 3927 307 3959 ¹
321 3927 449 3990 Ridebat]
468 3928 496 3976 S·
511 3928 541 3976 0·
554 3927 588 3976 D·
604 3928 655 3986 a.;
673 3941 729 3988 gar-
790 3950 990 4014 ⁴s12qeerenrq
1007 3949 1041 4000 n.
1054 3949 1082 3998 s
1094 3950 1123 3997 c.
1136 3949 1170 3998 n.
1183 3949 1216 3996 Ε.

265 3997 462 4134 ῐῑθξῗᾳῑνθὲἓῑΐὲ.
485 4067 515 4115 G·
532 4065 567 4115 D·
584 4065 631 4124 Ed
653 4065 729 4112 inter.
755 4023 804 4082 L·;
822 4023 988 4084 susciperent,
1000 4019 1028 4068 S·
1040 4018 1105 4085 (var.
1119 4016 1190 4082 lect)

267 4140 314 4234 itui
325 4137 524 4266 indintbes]
541 4204 574 4252 Α.
595 4205 623 4253 S.
645 4205 674 4252 C·
695 4203 729 4251 D·
757 4153 1028 4292 ireiffioederetviwn]
1048 4158 1081 4207 D·
1094 4158 1144 4218 Ed
1164 4169 1219 4217 βπ-

268 4278 291 4324 Ε
300 4281 324 4326 2.
337 4277 367 4326 L.
378 4291 385 4334 3
403 4273 506 4324 omitted
518 4275 543 4322 in
555 4274 579 4322 E
588 4279 612 4322 l.
