<?xml version="1.0" encoding="UTF-8"?>
<!DOCTYPE html PUBLIC "-//W3C//DTD XHTML 1.0 Transitional//EN"
    "http://www.w3.org/TR/xhtml1/DTD/xhtml1-transitional.dtd">
<html xmlns="http://www.w3.org/1999/xhtml" xml:lang="en" lang="en">
 <head>
  <title>
</title>
<meta http-equiv="Content-Type" content="text/html;charset=utf-8" />
  <meta name='ocr-system' content='tesseract 3.04.00' />
  <meta name='ocr-capabilities' content='ocr_page ocr_carea ocr_par ocr_line ocrx_word'/>
</head>
<body>
  <div class='ocr_page' id='page_1' title='image "./willelmimalmesb00hardgoog_0063.png"; bbox 0 0 3104 4974; ppageno 0'>
   <div class='ocr_carea' id='block_1_1' title="bbox 174 503 1128 600">
    <p class='ocr_par' dir='ltr' id='par_1_1' title="bbox 174 503 1128 600">
     <span class='ocr_line' id='line_1_1' title="bbox 174 503 1128 600; baseline 0.007 -36"><span class='ocrx_word' id='word_1_1' title='bbox 174 519 245 565; x_wconf 82' lang='lat' dir='ltr'>nm.</span> <span class='ocrx_word' id='word_1_2' title='bbox 262 503 333 583; x_wconf 73' lang='lat' dir='ltr'>un]</span> <span class='ocrx_word' id='word_1_3' title='bbox 410 519 524 566; x_wconf 75' lang='lat' dir='ltr'>ensra</span> <span class='ocrx_word' id='word_1_4' title='bbox 549 519 674 600; x_wconf 74' lang='lat' dir='ltr'>nucuu</span> <span class='ocrx_word' id='word_1_5' title='bbox 699 519 910 570; x_wconf 74' lang='lat' dir='ltr'>nncnonuu.</span> <span class='ocrx_word' id='word_1_6' title='bbox 1063 508 1128 572; x_wconf 81' lang='grc'>417</span> 
     </span>
    </p>
   </div>
   <div class='ocr_carea' id='block_1_2' title="bbox 176 671 1290 3604">
    <p class='ocr_par' dir='ltr' id='par_1_2' title="bbox 176 671 1290 3604">
     <span class='ocr_line' id='line_1_2' title="bbox 233 671 1290 757; baseline 0.003 -19"><span class='ocrx_word' id='word_1_7' title='bbox 233 674 343 757; x_wconf 52' lang='grc' dir='ltr'><strong>ἓ245.</strong></span> <span class='ocrx_word' id='word_1_8' title='bbox 368 675 437 739; x_wconf 75' lang='lat' dir='ltr'>Illa</span> <span class='ocrx_word' id='word_1_9' title='bbox 459 675 525 739; x_wconf 74' lang='lat' dir='ltr'>fult</span> <span class='ocrx_word' id='word_1_10' title='bbox 540 676 613 739; x_wconf 72' lang='lat' dir='ltr'>dies</span> <span class='ocrx_word' id='word_1_11' title='bbox 635 675 752 740; x_wconf 67' lang='lat' dir='ltr'>fatalis</span> <span class='ocrx_word' id='word_1_12' title='bbox 771 671 938 756; x_wconf 66' lang='lat' dir='ltr'>lAllgliae,</span> <span class='ocrx_word' id='word_1_13' title='bbox 954 675 1127 741; x_wconf 67' lang='lat' dir='ltr'>funestum</span> <span class='ocrx_word' id='word_1_14' title='bbox 1141 702 1290 742; x_wconf 76' lang='lat' dir='ltr'>Munnersnnd</span> 
     </span>
     <span class='ocr_line' id='line_1_3' title="bbox 180 755 1282 856; baseline 0.005 -20"><span class='ocrx_word' id='word_1_15' title='bbox 180 773 354 836; x_wconf 86' lang='lat' dir='ltr'>excidium</span> <span class='ocrx_word' id='word_1_16' title='bbox 370 774 482 837; x_wconf 90' lang='lat' dir='ltr'>dulcis</span> <span class='ocrx_word' id='word_1_17' title='bbox 498 776 632 856; x_wconf 87' lang='lat' dir='ltr'>patriae,</span> <span class='ocrx_word' id='word_1_18' title='bbox 649 794 713 856; x_wconf 89' lang='lat' dir='ltr'>pro</span> <span class='ocrx_word' id='word_1_19' title='bbox 729 794 897 838; x_wconf 79' lang='lat' dir='ltr'>novorum</span> <span class='ocrx_word' id='word_1_20' title='bbox 913 755 1282 852; x_wconf 48' lang='lat' dir='ltr'>dominorum-illidit.</span> 
     </span>
     <span class='ocr_line' id='line_1_4' title="bbox 180 874 1128 955; baseline 0.005 -21"><span class='ocrx_word' id='word_1_21' title='bbox 180 874 461 936; x_wconf 89' lang='lat' dir='ltr'>commutatione.</span> <span class='ocrx_word' id='word_1_22' title='bbox 513 874 594 936; x_wconf 87' lang='lat' dir='ltr'>Jam</span> <span class='ocrx_word' id='word_1_23' title='bbox 616 874 706 936; x_wconf 91' lang='lat' dir='ltr'>enim</span> <span class='ocrx_word' id='word_1_24' title='bbox 729 874 859 955; x_wconf 83' lang='lat' dir='ltr'>pridem</span> <span class='ocrx_word' id='word_1_25' title='bbox 882 875 1035 938; x_wconf 91' lang='lat' dir='ltr'>moribus</span> <span class='ocrx_word' id='word_1_26' title='bbox 1054 874 1128 939; x_wconf 88' lang='lat' dir='ltr'>An-</span> 
     </span>
     <span class='ocr_line' id='line_1_5' title="bbox 181 970 1129 1055; baseline 0.005 -23"><span class='ocrx_word' id='word_1_27' title='bbox 181 970 317 1051; x_wconf 90' lang='lat' dir='ltr'>glorum</span> <span class='ocrx_word' id='word_1_28' title='bbox 339 972 550 1050; x_wconf 81' lang='lat' dir='ltr'>insueverat,</span> <span class='ocrx_word' id='word_1_29' title='bbox 573 974 633 1055; x_wconf 92' lang='lat' dir='ltr'>qui</span> <span class='ocrx_word' id='word_1_30' title='bbox 647 973 736 1036; x_wconf 86' lang='lat' dir='ltr'>varii</span> <span class='ocrx_word' id='word_1_31' title='bbox 759 972 943 1036; x_wconf 84' lang='lat' dir='ltr'><strong>admodum</strong></span> <span class='ocrx_word' id='word_1_32' title='bbox 960 993 1022 1054; x_wconf 88' lang='lat' dir='ltr'>pro</span> <span class='ocrx_word' id='word_1_33' title='bbox 1044 981 1129 1038; x_wconf 89' lang='lat' dir='ltr'>tem·</span> 
     </span>
     <span class='ocr_line' id='line_1_6' title="bbox 181 1069 1127 1152; baseline 0.003 -20"><span class='ocrx_word' id='word_1_34' title='bbox 181 1070 322 1150; x_wconf 91' lang='lat' dir='ltr'>poribus</span> <span class='ocrx_word' id='word_1_35' title='bbox 348 1069 463 1134; x_wconf 86' lang='lat' dir='ltr'>fuere:</span> <span class='ocrx_word' id='word_1_36' title='bbox 488 1089 581 1148; x_wconf 88' lang='lat' dir='ltr'>nam,</span> <span class='ocrx_word' id='word_1_37' title='bbox 597 1071 717 1152; x_wconf 91' lang='lat' dir='ltr'>primis</span> <span class='ocrx_word' id='word_1_38' title='bbox 742 1070 912 1136; x_wconf 87' lang='lat' dir='ltr'>adventus</span> <span class='ocrx_word' id='word_1_39' title='bbox 937 1073 991 1136; x_wconf 90' lang='lat' dir='ltr'>sui</span> <span class='ocrx_word' id='word_1_40' title='bbox 1015 1074 1127 1149; x_wconf 88' lang='lat' dir='ltr'>annis,</span> 
     </span>
     <span class='ocr_line' id='line_1_7' title="bbox 180 1168 1126 1249; baseline 0.002 -17"><span class='ocrx_word' id='word_1_41' title='bbox 180 1168 281 1232; x_wconf 89' lang='lat' dir='ltr'>vultu</span> <span class='ocrx_word' id='word_1_42' title='bbox 298 1175 334 1232; x_wconf 89' lang='lat' dir='ltr'>et</span> <span class='ocrx_word' id='word_1_43' title='bbox 351 1176 452 1249; x_wconf 91' lang='lat' dir='ltr'>gestu</span> <span class='ocrx_word' id='word_1_44' title='bbox 476 1170 670 1247; x_wconf 90' lang='lat' dir='ltr'>barbarico,</span> <span class='ocrx_word' id='word_1_45' title='bbox 693 1189 759 1232; x_wconf 92' lang='lat' dir='ltr'>usu</span> <span class='ocrx_word' id='word_1_46' title='bbox 780 1170 915 1247; x_wconf 90' lang='lat' dir='ltr'>bellico,</span> <span class='ocrx_word' id='word_1_47' title='bbox 938 1171 1007 1234; x_wconf 90' lang='lat' dir='ltr'>ritu</span> <span class='ocrx_word' id='word_1_48' title='bbox 1028 1171 1126 1234; x_wconf 88' lang='lat' dir='ltr'>fana-</span> 
     </span>
     <span class='ocr_line' id='line_1_8' title="bbox 181 1267 1127 1350; baseline 0.004 -21"><span class='ocrx_word' id='word_1_49' title='bbox 181 1267 252 1330; x_wconf 93' lang='lat' dir='ltr'>tico</span> <span class='ocrx_word' id='word_1_50' title='bbox 268 1268 454 1347; x_wconf 80' lang='lat' dir='ltr'>vivebaut3</span> <span class='ocrx_word' id='word_1_51' title='bbox 479 1269 540 1332; x_wconf 88' lang='lat' dir='ltr'>sed</span> <span class='ocrx_word' id='word_1_52' title='bbox 562 1269 793 1350; x_wconf 89' lang='lat' dir='ltr'>postmodum,</span> <span class='ocrx_word' id='word_1_53' title='bbox 811 1268 941 1332; x_wconf 85' lang='lat' dir='ltr'>Christi</span> <span class='ocrx_word' id='word_1_54' title='bbox 962 1269 1029 1331; x_wconf 86' lang='lat' dir='ltr'>lide</span> <span class='ocrx_word' id='word_1_55' title='bbox 1050 1287 1127 1333; x_wconf 89' lang='lat' dir='ltr'>sus·</span> 
     </span>
     <span class='ocr_line' id='line_1_9' title="bbox 181 1367 1127 1450; baseline 0.002 -22"><span class='ocrx_word' id='word_1_56' title='bbox 181 1373 294 1446; x_wconf 86' lang='lat' dir='ltr'>cepta,</span> <span class='ocrx_word' id='word_1_57' title='bbox 311 1367 478 1447; x_wconf 90' lang='lat' dir='ltr'>paulatim</span> <span class='ocrx_word' id='word_1_58' title='bbox 502 1374 538 1430; x_wconf 89' lang='lat' dir='ltr'>et</span> <span class='ocrx_word' id='word_1_59' title='bbox 562 1387 625 1448; x_wconf 91' lang='lat' dir='ltr'>per</span> <span class='ocrx_word' id='word_1_60' title='bbox 643 1368 856 1430; x_wconf 88' lang='lat' dir='ltr'>incrementa</span> <span class='ocrx_word' id='word_1_61' title='bbox 872 1368 1048 1449; x_wconf 78' lang='lat' dir='ltr'>temporie,</span> <span class='ocrx_word' id='word_1_62' title='bbox 1065 1389 1127 1450; x_wconf 91' lang='lat' dir='ltr'>pro</span> 
     </span>
     <span class='ocr_line' id='line_1_10' title="bbox 181 1464 1125 1546; baseline 0.003 -20"><span class='ocrx_word' id='word_1_63' title='bbox 181 1465 253 1527; x_wconf 92' lang='lat' dir='ltr'>otio</span> <span class='ocrx_word' id='word_1_64' title='bbox 267 1464 360 1546; x_wconf 91' lang='lat' dir='ltr'>quod</span> <span class='ocrx_word' id='word_1_65' title='bbox 376 1466 580 1542; x_wconf 81' lang='lat' dir='ltr'>actitabant,</span> <span class='ocrx_word' id='word_1_66' title='bbox 597 1466 800 1529; x_wconf 83' lang='lat' dir='ltr'>exercitium</span> <span class='ocrx_word' id='word_1_67' title='bbox 818 1485 991 1529; x_wconf 87' lang='lat' dir='ltr'>armorum</span> <span class='ocrx_word' id='word_1_68' title='bbox 1014 1467 1050 1528; x_wconf 90' lang='lat' dir='ltr'>iu</span> <span class='ocrx_word' id='word_1_69' title='bbox 1072 1487 1125 1530; x_wconf 91' lang='lat' dir='ltr'>se-</span> 
     </span>
     <span class='ocr_line' id='line_1_11' title="bbox 181 1563 1125 1646; baseline 0.005 -23"><span class='ocrx_word' id='word_1_70' title='bbox 181 1563 302 1626; x_wconf 91' lang='lat' dir='ltr'>cundis</span> <span class='ocrx_word' id='word_1_71' title='bbox 318 1571 500 1645; x_wconf 91' lang='lat' dir='ltr'>ponentes,</span> <span class='ocrx_word' id='word_1_72' title='bbox 514 1584 649 1628; x_wconf 91' lang='lat' dir='ltr'>omnem</span> <span class='ocrx_word' id='word_1_73' title='bbox 668 1566 705 1627; x_wconf 94' lang='lat' dir='ltr'>in</span> <span class='ocrx_word' id='word_1_74' title='bbox 727 1564 893 1646; x_wconf 83' lang='lat' dir='ltr'>religione</span> <span class='ocrx_word' id='word_1_75' title='bbox 910 1583 1050 1646; x_wconf 89' lang='lat' dir='ltr'>operam</span> <span class='ocrx_word' id='word_1_76' title='bbox 1072 1566 1125 1629; x_wconf 93' lang='lat' dir='ltr'>in-</span> 
     </span>
     <span class='ocr_line' id='line_1_12' title="bbox 180 1662 1126 1746; baseline 0.004 -23"><span class='ocrx_word' id='word_1_77' title='bbox 180 1680 367 1743; x_wconf 87' lang='lat' dir='ltr'>sumpsere.</span> <span class='ocrx_word' id='word_1_78' title='bbox 424 1663 539 1726; x_wconf 86' lang='lat' dir='ltr'>Taceo</span> <span class='ocrx_word' id='word_1_79' title='bbox 572 1664 615 1726; x_wconf 93' lang='lat' dir='ltr'>de</span> <span class='ocrx_word' id='word_1_80' title='bbox 646 1665 867 1745; x_wconf 88' lang='lat' dir='ltr'>pauperibus,</span> <span class='ocrx_word' id='word_1_81' title='bbox 898 1683 985 1746; x_wconf 89' lang='lat' dir='ltr'>quos</span> <span class='ocrx_word' id='word_1_82' title='bbox 1017 1662 1126 1727; x_wconf 86' lang='lat' dir='ltr'>fortu-</span> 
     </span>
     <span class='ocr_line' id='line_1_13' title="bbox 180 1762 1125 1843; baseline 0.004 -21"><span class='ocrx_word' id='word_1_83' title='bbox 180 1779 302 1823; x_wconf 87' lang='lat' dir='ltr'>narum</span> <span class='ocrx_word' id='word_1_84' title='bbox 317 1763 468 1824; x_wconf 84' lang='lat' dir='ltr'>tenuitas</span> <span class='ocrx_word' id='word_1_85' title='bbox 490 1762 692 1843; x_wconf 90' lang='lat' dir='ltr'>plerumque</span> <span class='ocrx_word' id='word_1_86' title='bbox 710 1763 863 1826; x_wconf 91' lang='lat' dir='ltr'>continet</span> <span class='ocrx_word' id='word_1_87' title='bbox 888 1782 930 1826; x_wconf 90' lang='lat' dir='ltr'>ne</span> <span class='ocrx_word' id='word_1_88' title='bbox 954 1762 1125 1826; x_wconf 90' lang='lat' dir='ltr'>cancellos</span> 
     </span>
     <span class='ocr_line' id='line_1_14' title="bbox 176 1859 1124 1943; baseline 0.001 -21"><span class='ocrx_word' id='word_1_89' title='bbox 176 1859 324 1943; x_wconf 87' lang='lat' dir='ltr'>justitiae</span> <span class='ocrx_word' id='word_1_90' title='bbox 350 1861 666 1941; x_wconf 82' lang='lat' dir='ltr'>transgrediantur:</span> <span class='ocrx_word' id='word_1_91' title='bbox 700 1861 928 1942; x_wconf 87' lang='lat' dir='ltr'>praetermitto</span> <span class='ocrx_word' id='word_1_92' title='bbox 955 1860 1124 1942; x_wconf 86' lang='lat' dir='ltr'>graduum</span> 
     </span>
     <span class='ocr_line' id='line_1_15' title="bbox 182 1958 1125 2042; baseline 0.003 -22"><span class='ocrx_word' id='word_1_93' title='bbox 182 1958 494 2022; x_wconf 88' lang='lat' dir='ltr'>ecclesiasticorum</span> <span class='ocrx_word' id='word_1_94' title='bbox 520 1960 625 2036; x_wconf 76' lang='lat' dir='ltr'>viroS,</span> <span class='ocrx_word' id='word_1_95' title='bbox 648 1978 735 2042; x_wconf 89' lang='lat' dir='ltr'>quos</span> <span class='ocrx_word' id='word_1_96' title='bbox 766 1979 1014 2042; x_wconf 86' lang='lat' dir='ltr'>nonnunquam</span> <span class='ocrx_word' id='word_1_97' title='bbox 1044 1980 1125 2041; x_wconf 91' lang='lat' dir='ltr'>pro-</span> 
     </span>
     <span class='ocr_line' id='line_1_16' title="bbox 181 2055 1125 2135; baseline 0.004 -17"><span class='ocrx_word' id='word_1_98' title='bbox 181 2055 341 2121; x_wconf 86' lang='lat' dir='ltr'>fessionis</span> <span class='ocrx_word' id='word_1_99' title='bbox 354 2058 541 2134; x_wconf 87' lang='lat' dir='ltr'>contuitus,</span> <span class='ocrx_word' id='word_1_100' title='bbox 559 2059 619 2121; x_wconf 91' lang='lat' dir='ltr'>sed</span> <span class='ocrx_word' id='word_1_101' title='bbox 641 2065 677 2121; x_wconf 89' lang='lat' dir='ltr'>et</span> <span class='ocrx_word' id='word_1_102' title='bbox 696 2057 846 2122; x_wconf 87' lang='lat' dir='ltr'>infamiae</span> <span class='ocrx_word' id='word_1_103' title='bbox 861 2065 986 2135; x_wconf 90' lang='lat' dir='ltr'>metus,</span> <span class='ocrx_word' id='word_1_104' title='bbox 1004 2077 1024 2120; x_wconf 95' lang='lat' dir='ltr'>a</span> <span class='ocrx_word' id='word_1_105' title='bbox 1042 2078 1125 2123; x_wconf 87' lang='lat' dir='ltr'>vero</span> 
     </span>
     <span class='ocr_line' id='line_1_17' title="bbox 181 2155 1124 2238; baseline 0.001 -20"><span class='ocrx_word' id='word_1_106' title='bbox 181 2155 319 2220; x_wconf 90' lang='lat' dir='ltr'>deviare</span> <span class='ocrx_word' id='word_1_107' title='bbox 333 2176 403 2219; x_wconf 94' lang='lat' dir='ltr'>non</span> <span class='ocrx_word' id='word_1_108' title='bbox 420 2156 513 2220; x_wconf 88' lang='lat' dir='ltr'>sinit.</span> <span class='ocrx_word' id='word_1_109' title='bbox 566 2158 627 2224; x_wconf 66' lang='lat' dir='ltr'>De,</span> <span class='ocrx_word' id='word_1_110' title='bbox 637 2157 777 2238; x_wconf 90' lang='lat' dir='ltr'>regibus</span> <span class='ocrx_word' id='word_1_111' title='bbox 793 2157 882 2233; x_wconf 90' lang='lat' dir='ltr'>dico,</span> <span class='ocrx_word' id='word_1_112' title='bbox 895 2158 954 2238; x_wconf 92' lang='lat' dir='ltr'>qui</span> <span class='ocrx_word' id='word_1_113' title='bbox 968 2176 1032 2237; x_wconf 91' lang='lat' dir='ltr'>pro</span> <span class='ocrx_word' id='word_1_114' title='bbox 1052 2176 1124 2219; x_wconf 93' lang='lat' dir='ltr'>am·</span> 
     </span>
     <span class='ocr_line' id='line_1_18' title="bbox 180 2254 1124 2336; baseline 0.003 -20"><span class='ocrx_word' id='word_1_115' title='bbox 180 2254 348 2336; x_wconf 89' lang='lat' dir='ltr'>plitudine</span> <span class='ocrx_word' id='word_1_116' title='bbox 378 2256 563 2336; x_wconf 87' lang='lat' dir='ltr'>potestatis</span> <span class='ocrx_word' id='word_1_117' title='bbox 590 2257 735 2319; x_wconf 90' lang='lat' dir='ltr'>licenter</span> <span class='ocrx_word' id='word_1_118' title='bbox 757 2255 936 2336; x_wconf 89' lang='lat' dir='ltr'>indulgere</span> <span class='ocrx_word' id='word_1_119' title='bbox 963 2255 1124 2336; x_wconf 89' lang='lat' dir='ltr'>volupta-</span> 
     </span>
     <span class='ocr_line' id='line_1_19' title="bbox 182 2354 1124 2437; baseline 0 -21"><span class='ocrx_word' id='word_1_120' title='bbox 182 2354 274 2416; x_wconf 84' lang='lat' dir='ltr'>tibus</span> <span class='ocrx_word' id='word_1_121' title='bbox 286 2361 450 2435; x_wconf 89' lang='lat' dir='ltr'>possent:</span> <span class='ocrx_word' id='word_1_122' title='bbox 475 2374 620 2437; x_wconf 88' lang='lat' dir='ltr'>quorum</span> <span class='ocrx_word' id='word_1_123' title='bbox 636 2354 776 2437; x_wconf 93' lang='lat' dir='ltr'>quidam</span> <span class='ocrx_word' id='word_1_124' title='bbox 793 2355 829 2416; x_wconf 91' lang='lat' dir='ltr'>in</span> <span class='ocrx_word' id='word_1_125' title='bbox 844 2355 970 2436; x_wconf 88' lang='lat' dir='ltr'>patria,</span> <span class='ocrx_word' id='word_1_126' title='bbox 984 2354 1124 2435; x_wconf 90' lang='lat' dir='ltr'>quidam</span> 
     </span>
     <span class='ocr_line' id='line_1_20' title="bbox 182 2451 1122 2534; baseline 0.001 -19"><span class='ocrx_word' id='word_1_127' title='bbox 182 2451 316 2529; x_wconf 89' lang='lat' dir='ltr'>Romae,</span> <span class='ocrx_word' id='word_1_128' title='bbox 334 2461 468 2516; x_wconf 87' lang='lat' dir='ltr'>mutato</span> <span class='ocrx_word' id='word_1_129' title='bbox 490 2453 623 2530; x_wconf 88' lang='lat' dir='ltr'>habitu,</span> <span class='ocrx_word' id='word_1_130' title='bbox 636 2454 777 2516; x_wconf 90' lang='lat' dir='ltr'>coeleste</span> <span class='ocrx_word' id='word_1_131' title='bbox 799 2453 923 2517; x_wconf 87' lang='lat' dir='ltr'>lucrati</span> <span class='ocrx_word' id='word_1_132' title='bbox 941 2460 1022 2517; x_wconf 88' lang='lat' dir='ltr'>sunt</span> <span class='ocrx_word' id='word_1_133' title='bbox 1045 2473 1122 2534; x_wconf 90' lang='lat' dir='ltr'>reg-</span> 
     </span>
     <span class='ocr_line' id='line_1_21' title="bbox 181 2552 1123 2633; baseline 0.001 -19"><span class='ocrx_word' id='word_1_134' title='bbox 181 2571 275 2627; x_wconf 90' lang='lat' dir='ltr'>num,</span> <span class='ocrx_word' id='word_1_135' title='bbox 299 2553 439 2616; x_wconf 90' lang='lat' dir='ltr'>beatum</span> <span class='ocrx_word' id='word_1_136' title='bbox 465 2552 558 2616; x_wconf 91' lang='lat' dir='ltr'>nacti</span> <span class='ocrx_word' id='word_1_137' title='bbox 582 2554 841 2630; x_wconf 67' lang='lat' dir='ltr'>commercium</span> <span class='ocrx_word' id='word_1_138' title='bbox 873 2552 985 2628; x_wconf 89' lang='lat' dir='ltr'>multi,</span> <span class='ocrx_word' id='word_1_139' title='bbox 1010 2554 1123 2633; x_wconf 89' lang='lat' dir='ltr'>specie</span> 
     </span>
     <span class='ocr_line' id='line_1_22' title="bbox 180 2650 1123 2733; baseline 0.002 -21"><span class='ocrx_word' id='word_1_140' title='bbox 180 2657 291 2726; x_wconf 90' lang='lat' dir='ltr'>tenus,</span> <span class='ocrx_word' id='word_1_141' title='bbox 317 2657 393 2714; x_wconf 88' lang='lat' dir='ltr'>tota</span> <span class='ocrx_word' id='word_1_142' title='bbox 407 2651 480 2714; x_wconf 87' lang='lat' dir='ltr'>vita</span> <span class='ocrx_word' id='word_1_143' title='bbox 507 2651 670 2713; x_wconf 92' lang='lat' dir='ltr'>mundum</span> <span class='ocrx_word' id='word_1_144' title='bbox 695 2651 858 2733; x_wconf 88' lang='lat' dir='ltr'>amplexi,</span> <span class='ocrx_word' id='word_1_145' title='bbox 880 2658 919 2714; x_wconf 93' lang='lat' dir='ltr'>ut</span> <span class='ocrx_word' id='word_1_146' title='bbox 943 2650 1123 2714; x_wconf 88' lang='lat' dir='ltr'>thesauros</span> 
     </span>
     <span class='ocr_line' id='line_1_23' title="bbox 178 2749 1123 2829; baseline 0 -17"><span class='ocrx_word' id='word_1_147' title='bbox 178 2749 295 2829; x_wconf 81' lang='lat' dir='ltr'>egenis</span> <span class='ocrx_word' id='word_1_148' title='bbox 310 2750 534 2825; x_wconf 87' lang='lat' dir='ltr'>effunderent,</span> <span class='ocrx_word' id='word_1_149' title='bbox 551 2750 768 2813; x_wconf 89' lang='lat' dir='ltr'>monasteriis</span> <span class='ocrx_word' id='word_1_150' title='bbox 781 2749 983 2814; x_wconf 87' lang='lat' dir='ltr'>dividerent.</span> <span class='ocrx_word' id='word_1_151' title='bbox 1029 2749 1123 2827; x_wconf 87' lang='lat' dir='ltr'>Quid</span> 
     </span>
     <span class='ocr_line' id='line_1_24' title="bbox 178 2846 1122 2930; baseline 0 -20"><span class='ocrx_word' id='word_1_152' title='bbox 178 2846 290 2911; x_wconf 90' lang='lat' dir='ltr'>dicam</span> <span class='ocrx_word' id='word_1_153' title='bbox 325 2848 368 2910; x_wconf 89' lang='lat' dir='ltr'>de</span> <span class='ocrx_word' id='word_1_154' title='bbox 404 2855 457 2912; x_wconf 87' lang='lat' dir='ltr'>tot</span> <span class='ocrx_word' id='word_1_155' title='bbox 485 2849 668 2930; x_wconf 77' lang='lat' dir='ltr'>episcopiS,</span> <span class='ocrx_word' id='word_1_156' title='bbox 696 2848 882 2924; x_wconf 76' lang='lat' dir='ltr'>heremitiS,</span> <span class='ocrx_word' id='word_1_157' title='bbox 915 2849 1122 2912; x_wconf 72' lang='lat' dir='ltr'>abbatibus?</span> 
     </span>
     <span class='ocr_line' id='line_1_25' title="bbox 180 2947 1123 3030; baseline -0.001 -21"><span class='ocrx_word' id='word_1_158' title='bbox 180 2966 293 3010; x_wconf 90' lang='lat' dir='ltr'>nonne</span> <span class='ocrx_word' id='word_1_159' title='bbox 327 2954 402 3011; x_wconf 88' lang='lat' dir='ltr'>tota</span> <span class='ocrx_word' id='word_1_160' title='bbox 431 2948 545 3010; x_wconf 90' lang='lat' dir='ltr'>insula</span> <span class='ocrx_word' id='word_1_161' title='bbox 577 2948 684 3011; x_wconf 88' lang='lat' dir='ltr'>tantis</span> <span class='ocrx_word' id='word_1_162' title='bbox 707 2948 861 3030; x_wconf 90' lang='lat' dir='ltr'>reliquiis</span> <span class='ocrx_word' id='word_1_163' title='bbox 885 2947 1123 3028; x_wconf 85' lang='lat' dir='ltr'>indigenarum</span> 
     </span>
     <span class='ocr_line' id='line_1_26' title="bbox 179 3043 1123 3127; baseline 0 -20"><span class='ocrx_word' id='word_1_164' title='bbox 179 3043 346 3127; x_wconf 83' lang='lat' dir='ltr'>fulgurat,</span> <span class='ocrx_word' id='word_1_165' title='bbox 369 3053 407 3109; x_wconf 92' lang='lat' dir='ltr'>ut</span> <span class='ocrx_word' id='word_1_166' title='bbox 423 3047 485 3109; x_wconf 86' lang='lat' dir='ltr'>vix</span> <span class='ocrx_word' id='word_1_167' title='bbox 501 3046 650 3127; x_wconf 87' lang='lat' dir='ltr'>aliquem</span> <span class='ocrx_word' id='word_1_168' title='bbox 665 3046 779 3111; x_wconf 88' lang='lat' dir='ltr'>vicum</span> <span class='ocrx_word' id='word_1_169' title='bbox 794 3047 964 3127; x_wconf 85' lang='lat' dir='ltr'>insignem</span> <span class='ocrx_word' id='word_1_170' title='bbox 981 3053 1123 3127; x_wconf 84' lang='lat' dir='ltr'>praeter-</span> 
     </span>
     <span class='ocr_line' id='line_1_27' title="bbox 180 3145 1123 3226; baseline 0 -20"><span class='ocrx_word' id='word_1_171' title='bbox 180 3163 239 3207; x_wconf 90' lang='lat' dir='ltr'>eas</span> <span class='ocrx_word' id='word_1_172' title='bbox 268 3145 327 3208; x_wconf 93' lang='lat' dir='ltr'>ubi</span> <span class='ocrx_word' id='word_1_173' title='bbox 352 3145 433 3208; x_wconf 85' lang='lat' dir='ltr'>novi</span> <span class='ocrx_word' id='word_1_174' title='bbox 462 3145 573 3208; x_wconf 88' lang='lat' dir='ltr'>sancti</span> <span class='ocrx_word' id='word_1_175' title='bbox 597 3165 721 3208; x_wconf 92' lang='lat' dir='ltr'>nomen</span> <span class='ocrx_word' id='word_1_176' title='bbox 750 3165 819 3208; x_wconf 91' lang='lat' dir='ltr'>non</span> <span class='ocrx_word' id='word_1_177' title='bbox 847 3145 992 3207; x_wconf 85' lang='lat' dir='ltr'>audiasl</span> <span class='ocrx_word' id='word_1_178' title='bbox 1020 3149 1123 3226; x_wconf 87' lang='lat' dir='ltr'>quam</span> 
     </span>
     <span class='ocr_line' id='line_1_28' title="bbox 179 3242 1123 3325; baseline -0.001 -20"><span class='ocrx_word' id='word_1_179' title='bbox 179 3244 365 3307; x_wconf 90' lang='lat' dir='ltr'>multorum</span> <span class='ocrx_word' id='word_1_180' title='bbox 386 3245 491 3306; x_wconf 90' lang='lat' dir='ltr'>etiam</span> <span class='ocrx_word' id='word_1_181' title='bbox 514 3243 615 3325; x_wconf 90' lang='lat' dir='ltr'>periit</span> <span class='ocrx_word' id='word_1_182' title='bbox 637 3244 812 3319; x_wconf 91' lang='lat' dir='ltr'>memoria,</span> <span class='ocrx_word' id='word_1_183' title='bbox 834 3242 1123 3323; x_wconf 88' lang='lat' dir='ltr'>proscriptorum</span> 
     </span>
     <span class='ocr_line' id='line_1_29' title="bbox 178 3338 1123 3428; baseline -0.002 -24"><span class='ocrx_word' id='word_1_184' title='bbox 178 3341 318 3428; x_wconf 87' lang='lat' dir='ltr'>inopia!</span> <span class='ocrx_word' id='word_1_185' title='bbox 363 3342 601 3406; x_wconf 87' lang='lat' dir='ltr'>Veruntamen</span> <span class='ocrx_word' id='word_1_186' title='bbox 615 3343 792 3406; x_wconf 90' lang='lat' dir='ltr'>literarum</span> <span class='ocrx_word' id='word_1_187' title='bbox 807 3348 842 3404; x_wconf 90' lang='lat' dir='ltr'>et</span> <span class='ocrx_word' id='word_1_188' title='bbox 858 3338 1033 3422; x_wconf 91' lang='lat' dir='ltr'>religionis</span> <span class='ocrx_word' id='word_1_189' title='bbox 1049 3348 1123 3404; x_wconf 90' lang='lat' dir='ltr'>stu-</span> 
     </span>
     <span class='ocr_line' id='line_1_30' title="bbox 179 3441 1123 3522; baseline 0 -20"><span class='ocrx_word' id='word_1_190' title='bbox 179 3441 237 3502; x_wconf 90' lang='lat' dir='ltr'>dia</span> <span class='ocrx_word' id='word_1_191' title='bbox 265 3448 368 3504; x_wconf 87' lang='lat' dir='ltr'>aetate</span> <span class='ocrx_word' id='word_1_192' title='bbox 394 3443 601 3522; x_wconf 90' lang='lat' dir='ltr'>procedente</span> <span class='ocrx_word' id='word_1_193' title='bbox 630 3441 884 3516; x_wconf 91' lang='lat' dir='ltr'>obsoleverunt,</span> <span class='ocrx_word' id='word_1_194' title='bbox 912 3460 980 3503; x_wconf 90' lang='lat' dir='ltr'>non</span> <span class='ocrx_word' id='word_1_195' title='bbox 1005 3441 1123 3521; x_wconf 87' lang='lat' dir='ltr'>paucis</span> 
     </span>
     <span class='ocr_line' id='line_1_31' title="bbox 179 3532 1123 3604; baseline 0 -2"><span class='ocrx_word' id='word_1_196' title='bbox 179 3545 260 3602; x_wconf 89' lang='lat' dir='ltr'>ante</span> <span class='ocrx_word' id='word_1_197' title='bbox 290 3541 476 3603; x_wconf 86' lang='lat' dir='ltr'>adventum</span> <span class='ocrx_word' id='word_1_198' title='bbox 510 3540 789 3604; x_wconf 88' lang='lat' dir='ltr'>Normanuorum</span> <span class='ocrx_word' id='word_1_199' title='bbox 818 3539 926 3602; x_wconf 87' lang='lat' dir='ltr'>annis.</span> <span class='ocrx_word' id='word_1_200' title='bbox 979 3532 1123 3602; x_wconf 83' lang='lat' dir='ltr'>²Clerici</span> 
     </span>
    </p>
   </div>
   <div class='ocr_carea' id='block_1_3' title="bbox 178 3637 1123 3714">
    <p class='ocr_par' dir='ltr' id='par_1_3' title="bbox 178 3637 1123 3714">
     <span class='ocr_line' id='line_1_32' title="bbox 178 3637 1123 3714; baseline 0.001 -14"><span class='ocrx_word' id='word_1_201' title='bbox 178 3638 358 3701; x_wconf 89' lang='lat' dir='ltr'>literatura</span> <span class='ocrx_word' id='word_1_202' title='bbox 388 3639 615 3703; x_wconf 87' lang='lat' dir='ltr'>tumultuaria</span> <span class='ocrx_word' id='word_1_203' title='bbox 646 3639 811 3714; x_wconf 89' lang='lat' dir='ltr'>contenti,</span> <span class='ocrx_word' id='word_1_204' title='bbox 835 3637 895 3702; x_wconf 86' lang='lat' dir='ltr'>vix</span> <span class='ocrx_word' id='word_1_205' title='bbox 927 3655 1123 3701; x_wconf 89' lang='lat' dir='ltr'>sacramen·</span> 
     </span>
    </p>
   </div>
   <div class='ocr_carea' id='block_1_4' title="bbox 177 3855 1123 4335">
    <p class='ocr_par' dir='ltr' id='par_1_4' title="bbox 177 3855 1123 4335">
     <span class='ocr_line' id='line_1_33' title="bbox 214 3855 1123 3922; baseline 0 -16"><span class='ocrx_word' id='word_1_206' title='bbox 214 3855 369 3922; x_wconf 81' lang='lat' dir='ltr'>&#39;Anglioe.]</span> <span class='ocrx_word' id='word_1_207' title='bbox 399 3859 433 3908; x_wconf 91' lang='lat' dir='ltr'>D.</span> <span class='ocrx_word' id='word_1_208' title='bbox 457 3859 489 3908; x_wconf 87' lang='lat' dir='ltr'>E.</span> <span class='ocrx_word' id='word_1_209' title='bbox 509 3861 562 3920; x_wconf 81' lang='lat'>1..;</span> <span class='ocrx_word' id='word_1_210' title='bbox 586 3860 639 3907; x_wconf 88' lang='lat' dir='ltr'>An·</span> <span class='ocrx_word' id='word_1_211' title='bbox 665 3857 782 3918; x_wconf 85' lang='lat' dir='ltr'>cayedin</span> <span class='ocrx_word' id='word_1_212' title='bbox 795 3858 921 3920; x_wconf 79' lang='lat' dir='ltr'>England,</span> <span class='ocrx_word' id='word_1_213' title='bbox 936 3857 991 3906; x_wconf 87' lang='lat' dir='ltr'>that</span> <span class='ocrx_word' id='word_1_214' title='bbox 1001 3873 1060 3918; x_wconf 87' lang='lat' dir='ltr'>very</span> <span class='ocrx_word' id='word_1_215' title='bbox 1072 3858 1123 3906; x_wconf 84' lang='lat' dir='ltr'>few</span> 
     </span>
     <span class='ocr_line' id='line_1_34' title="bbox 177 3927 1123 4058; baseline -0.001 -13"><span class='ocrx_word' id='word_1_216' title='bbox 177 3927 327 4045; x_wconf 53' lang='lat' dir='ltr'>ghg’dslemd</span> <span class='ocrx_word' id='word_1_217' title='bbox 345 3996 477 4045; x_wconf 80' lang='lat' dir='ltr'>literatura</span> <span class='ocrx_word' id='word_1_218' title='bbox 498 4011 639 4058; x_wconf 81' lang='lat' dir='ltr'>...grum-</span> <span class='ocrx_word' id='word_1_219' title='bbox 664 3932 802 4045; x_wconf 40' lang='lat' dir='ltr'>{dli-esdad</span> <span class='ocrx_word' id='word_1_220' title='bbox 809 3927 978 4046; x_wconf 51' lang='lat' dir='ltr'>tlrlrlddffletadd</span> <span class='ocrx_word' id='word_1_221' title='bbox 987 3927 1123 4046; x_wconf 51' lang='lat' dir='ltr'>tdfeldldrlrli-</span> 
     </span>
     <span class='ocr_line' id='line_1_35' title="bbox 178 4061 1123 4133; baseline 0 -19"><span class='ocrx_word' id='word_1_222' title='bbox 178 4065 290 4114; x_wconf 79' lang='lat' dir='ltr'>mutirem</span> <span class='ocrx_word' id='word_1_223' title='bbox 308 4061 420 4133; x_wconf 75' lang='lat' dir='ltr'>resset]</span> <span class='ocrx_word' id='word_1_224' title='bbox 439 4067 487 4114; x_wconf 87' lang='lat' dir='ltr'>See</span> <span class='ocrx_word' id='word_1_225' title='bbox 498 4067 512 4128; x_wconf 54' lang='grc' dir='ltr'><strong>ᾗ</strong></span> <span class='ocrx_word' id='word_1_226' title='bbox 525 4069 580 4127; x_wconf 76' lang='lat'>123,</span> <span class='ocrx_word' id='word_1_227' title='bbox 593 4080 636 4126; x_wconf 91' lang='lat' dir='ltr'>pp.</span> <span class='ocrx_word' id='word_1_228' title='bbox 663 4080 720 4114; x_wconf 90' lang='lat' dir='ltr'>mon</span> <span class='ocrx_word' id='word_1_229' title='bbox 739 4067 834 4114; x_wconf 81' lang='lat' dir='ltr'>service</span> <span class='ocrx_word' id='word_1_230' title='bbox 850 4066 879 4114; x_wconf 87' lang='lat' dir='ltr'>of</span> <span class='ocrx_word' id='word_1_231' title='bbox 894 4065 935 4113; x_wconf 88' lang='lat' dir='ltr'>the</span> <span class='ocrx_word' id='word_1_232' title='bbox 953 4065 1057 4125; x_wconf 87' lang='lat' dir='ltr'>ehurch,</span> <span class='ocrx_word' id='word_1_233' title='bbox 1072 4067 1123 4114; x_wconf 82' lang='lat' dir='ltr'>and</span> 
     </span>
     <span class='ocr_line' id='line_1_36' title="bbox 180 4133 1122 4197; baseline 0.002 -16"><span class='ocrx_word' id='word_1_234' title='bbox 180 4137 236 4195; x_wconf 78' lang='lat'>191,</span> <span class='ocrx_word' id='word_1_235' title='bbox 249 4139 304 4183; x_wconf 74' lang='lat'>192.</span> <span class='ocrx_word' id='word_1_236' title='bbox 339 4136 409 4197; x_wconf 87' lang='lat' dir='ltr'>King</span> <span class='ocrx_word' id='word_1_237' title='bbox 421 4135 534 4196; x_wconf 86' lang='lat' dir='ltr'>Aelfred‚</span> <span class='ocrx_word' id='word_1_238' title='bbox 554 4137 579 4183; x_wconf 93' lang='lat' dir='ltr'>in</span> <span class='ocrx_word' id='word_1_239' title='bbox 598 4135 638 4184; x_wconf 85' lang='lat' dir='ltr'>his</span> <span class='ocrx_word' id='word_1_240' title='bbox 663 4133 1122 4184; x_wconf 77' lang='lat' dir='ltr'>helrnewnonesouthofthe&#39;l&#39;hames</span> 
     </span>
     <span class='ocr_line' id='line_1_37' title="bbox 177 4203 1123 4266; baseline 0.001 -14"><span class='ocrx_word' id='word_1_241' title='bbox 177 4204 277 4264; x_wconf 81' lang='lat' dir='ltr'>preface</span> <span class='ocrx_word' id='word_1_242' title='bbox 305 4208 330 4252; x_wconf 89' lang='lat' dir='ltr'>to</span> <span class='ocrx_word' id='word_1_243' title='bbox 350 4204 488 4265; x_wconf 82' lang='lat' dir='ltr'>Gregory&#39;s</span> <span class='ocrx_word' id='word_1_244' title='bbox 512 4205 638 4266; x_wconf 83' lang='lat' dir='ltr'>Pastoral,</span> <span class='ocrx_word' id='word_1_245' title='bbox 662 4205 721 4253; x_wconf 88' lang='lat' dir='ltr'>who</span> <span class='ocrx_word' id='word_1_246' title='bbox 732 4203 1043 4266; x_wconf 83' lang='lat' dir='ltr'>couldtumanordinary</span> <span class='ocrx_word' id='word_1_247' title='bbox 1052 4205 1123 4266; x_wconf 85' lang='lat' dir='ltr'>piece</span> 
     </span>
     <span class='ocr_line' id='line_1_38' title="bbox 178 4273 965 4335; baseline 0.003 -14"><span class='ocrx_word' id='word_1_248' title='bbox 178 4277 256 4322; x_wconf 80' lang='lat' dir='ltr'>states</span> <span class='ocrx_word' id='word_1_249' title='bbox 274 4273 329 4323; x_wconf 83' lang='lat' dir='ltr'>that</span> <span class='ocrx_word' id='word_1_250' title='bbox 346 4275 462 4335; x_wconf 79' lang='lat' dir='ltr'>learning</span> <span class='ocrx_word' id='word_1_251' title='bbox 477 4289 531 4323; x_wconf 82' lang='lat' dir='ltr'>was</span> <span class='ocrx_word' id='word_1_252' title='bbox 548 4289 576 4322; x_wconf 87' lang='lat' dir='ltr'>so</span> <span class='ocrx_word' id='word_1_253' title='bbox 592 4275 637 4322; x_wconf 89' lang='lat' dir='ltr'>de·</span> <span class='ocrx_word' id='word_1_254' title='bbox 662 4274 691 4322; x_wconf 83' lang='lat' dir='ltr'>of</span> <span class='ocrx_word' id='word_1_255' title='bbox 701 4275 775 4322; x_wconf 83' lang='lat' dir='ltr'>Latin</span> <span class='ocrx_word' id='word_1_256' title='bbox 786 4274 838 4322; x_wconf 89' lang='lat' dir='ltr'>into</span> <span class='ocrx_word' id='word_1_257' title='bbox 849 4273 965 4335; x_wconf 84' lang='lat' dir='ltr'>English.</span> 
     </span>
    </p>
   </div>
   <div class='ocr_carea' id='block_1_5' title="bbox 0 0 1556 4974">
    <p class='ocr_par' dir='ltr' id='par_1_5' title="bbox 0 0 1556 4974">
     <span class='ocr_line' id='line_1_39' title="bbox 0 0 1556 4974; baseline 0 0"><span class='ocrx_word' id='word_1_258' title='bbox 0 0 1556 4974; x_wconf 95' lang='lat' dir='ltr'> </span> 
     </span>
    </p>
   </div>
  </div>
 </body>
</html>
