3080 4960
199 517 270 565 ma.
286 499 343 583 11.]
489 517 664 566 rnsronrs
687 517 867 568 Novnnnx.
1084 505 1151 570 735

200 673 277 739 Neo
304 674 370 738 fuit
395 673 574 738 ambarum
602 671 755 755 partium
782 691 919 754 aequom
944 671 1148 756 dissidium3

199 774 281 838 dum
306 773 521 856 imperatrix,
544 772 589 837 ad
617 773 745 836 bonum
770 772 923 854 pronior,
940 773 1150 839 eeclesiasti-

199 893 278 937 oum
292 892 361 938 non
376 892 414 936 se
431 872 544 937 vereri
561 872 732 956 judicium
748 872 969 952 mandasset3
994 866 1046 937 ¹et
1061 873 1150 957 regii

198 972 285 1037 illud
301 991 405 1056 quam
420 972 572 1036 maxime
587 971 730 1049 nollent,
745 971 826 1035 dum
839 971 1010 1037 dominari
1022 973 1067 1036 ad
1081 975 1152 1038 uti·

198 1072 316 1136 litotes
333 1091 415 1136 suas
433 1071 602 1136 valerent.
638 1064 826 1135 ²Proximo
842 1070 1037 1155 Septembri
1051 1073 1151 1154 lega-

199 1177 269 1249 tae,
281 1171 342 1254 qni
365 1178 483 1235 nosset
495 1169 598 1235 officii
620 1170 675 1234 sui
687 1171 906 1253 potissimum
922 1171 1090 1236 interesse
1109 1179 1150 1237 ut

198 1289 270 1354 pax
280 1272 491 1347 conveniret,
502 1290 566 1353 pro
577 1288 619 1334 ea
628 1270 845 1334 restituenda
853 1270 1006 1335 laborem
1014 1271 1149 1336 itineris

199 1369 422 1434 transmarini
444 1388 642 1452 aggressae,
657 1370 694 1433 in
712 1367 864 1433 Galliam
887 1371 1052 1451 navigare
1074 1390 1150 1436 ma·

200 1470 344 1534 tutavit.
377 1468 433 1534 Ibi
448 1488 470 1532 a
485 1488 567 1552 rege
583 1468 741 1532 Franoiae
753 1475 790 1532 et
807 1459 1148 1548 comiteThetbaldo,

199 1567 388 1650 multisque
417 1567 571 1651 religiosi
599 1567 729 1632 ordinis
759 1567 927 1648 personis,
955 1587 1083 1650 magno
1113 1577 1149 1633 et

199 1668 348 1731 sollicito
362 1673 516 1732 tractatu
533 1667 576 1731 de
590 1686 676 1749 paee
692 1663 832 1748 Angliae
846 1665 977 1746 habito,
987 1687 1149 1733 reversus

199 1768 300 1830 estin
310 1767 378 1831 fine
390 1759 496 1850 ³pene
508 1766 735 1846 Novembris3
754 1766 906 1830 salubria
915 1767 1039 1848 patriae
1049 1787 1149 1831 man·

201 1866 285 1930 data
300 1866 463 1944 reserens,
480 1866 510 1930 si
526 1872 619 1931 esset
632 1867 693 1948 qui
708 1866 814 1931 verba
827 1865 929 1929 factis
945 1874 1148 1949 apponeret.

200 1964 248 2029 Et
275 1965 378 2048 plane
401 1967 606 2049 imperatrix
630 1972 666 2029 et
696 1983 811 2030 comes
843 1965 1024 2030 confestim
1047 1959 1149 2030 *oon-

201 2083 338 2129 sensere
351 2085 360 2147 ;
383 2085 447 2129 rex
460 2085 544 2130 vero
561 2065 604 2129 de
620 2064 676 2128 die
689 2065 726 2129 in
741 2065 832 2128 diem
853 2064 1054 2146 producere,
1066 2085 1150 2147 pos·

201 2171 311 2229 tremo
325 2165 362 2228 in
373 2184 508 2229 summa
524 2165 697 2229 frustrari.
748 2163 840 2227 Tum
856 2163 993 2227 demum
1010 2164 1148 2246 legatus

200 2282 237 2327 se
262 2264 354 2328 intra
376 2284 414 2329 se
438 2263 620 2341 continuit,
649 2282 764 2327 rerum
789 2264 935 2341 exitum,
957 2270 997 2327 ut
1019 2266 1149 2343 caeteri,

200 2365 461 2445 speculaturus:
480 2363 563 2447 quid
579 2363 670 2427 enim
687 2363 813 2426 attinet
828 2369 950 2427 eontra
959 2370 1148 2428 torrentem

199 2464 342 2527 brachia
363 2462 528 2528 tenderet
551 2483 642 2541 cum,
656 2462 832 2526 laboribus
849 2481 919 2526 non
944 2462 1011 2526 nisi
1032 2463 1149 2527 odium

199 2582 365 2644 quaerere,
380 2571 546 2628 extremae
562 2563 609 2627 sit
622 2559 679 2649 (ut
695 2562 836 2644 quidam
849 2557 916 2648 ait)
933 2562 1128 2628 dementiae.
1157 2605 1159 2608 -

210 2752 380 2800 EXPLICIT
403 2752 511 2800 LIBER
534 2750 726 2801 SECUNDUS
748 2750 923 2800 NOVELLAE
945 2750 1140 2800 HISTORIAE.

235 2990 376 3055 'Et-regii
396 3026 443 3043 ...
459 2992 589 3055 warena]
612 2991 662 3052 Ε.;
726 2985 908 3059 ’Proximo.]
935 2992 986 3054 E.;
1008 2991 1151 3056 Postremo,

198 3067 224 3114 et
240 3077 286 3112 rex
308 3063 373 3111 illud
390 3077 468 3124 quam
491 3063 600 3110 maxime
619 3075 662 3110 ca·
688 3060 717 3110 S.
728 3061 764 3110 D.
775 3061 832 3110 Μ.

197 3138 276 3194 reret,
287 3132 399 3181 consiliis
416 3131 517 3180 illorum
532 3130 662 3179 mulsere-
721 3125 848 3191 ⁸Pene.]
873 3129 903 3179 S.
926 3128 962 3180 D.
991 3130 1050 3180 Ea
1073 3129 1148 3192 ης

199 3203 286 3263 dulus,
296 3202 341 3263 qui
352 3201 415 3249 nihil
433 3201 517 3248 minus
529 3214 606 3260 qnam
617 3213 663 3260 pa·
687 3199 790 3247 omitted
801 3200 828 3246 in
840 3198 893 3248 El.

198 3287 253 3321 cem
263 3272 366 3332 vellent,
375 3270 437 3319 dum
453 3270 477 3318 ei
493 3269 617 3318 dominari
627 3269 661 3316 ad
722 3265 732 3295 ⁴
744 3267 911 3330 Consensere]
922 3268 978 3317 El.
988 3278 996 3329 3
1008 3281 1151 3333 assensere,

197 3343 322 3393 utilitates
329 3354 390 3391 suas
396 3341 518 3403 valerent,
526 3339 555 3390 S.
564 3339 660 3389 Mil.
687 3337 715 3388 S.
727 3338 763 3388 D.
774 3339 800 3386 Ε
807 3342 832 3388 2.
843 3338 898 3390 Μ.
