3104 4974
397 480 463 546 430
620 495 734 546 casm
758 497 885 547 arcun
909 497 1124 548 nucnonun.
1195 484 1281 566 [urs.
1299 503 1353 570 111.

398 653 507 731 hemi,
520 649 767 737 desponderat,
789 653 923 738 majora
935 653 1034 738 justo
1055 661 1169 718 mente
1190 657 1349 735 metiens,

399 753 616 835 tyrannidem
649 753 776 818 adoriri
807 755 1050 818 meditabatur.
1115 754 1242 837 Itaque
1271 757 1349 838 ipso

399 853 599 935 nuptiarum
635 853 691 916 die
727 854 864 934 magnis
893 854 1118 936 apparatibus
1152 856 1350 920 convivium

398 953 583 1034 agitatum,
606 949 716 1038 (quod
744 951 1024 1018 Normannorum
1055 953 1148 1035 gula
1170 954 1247 1038 jam
1273 953 1349 1018 An·

399 1052 535 1132 glorum
552 1052 658 1116 luxus
674 1049 893 1136 influxerat‚)
911 1054 1014 1116 ebriis
1029 1054 1199 1131 convivis,
1217 1061 1253 1118 et
1267 1055 1349 1119 vino

399 1152 623 1229 tumentibus
641 1151 757 1232 amplo
773 1152 955 1216 verborum
977 1153 1110 1216 ambitu
1134 1154 1350 1235 propositum

398 1269 499 1314 suum
513 1251 644 1332 aperit:
668 1250 731 1328 illi,
749 1251 831 1332 quia
850 1251 887 1314 in
910 1270 1030 1315 eorum
1052 1253 1166 1316 animo
1181 1271 1245 1334 pro
1261 1259 1347 1335 potu

397 1350 509 1412 omnis
532 1351 622 1414 ratio
639 1350 826 1432 caligabat,
842 1351 976 1433 ingenti
994 1351 1121 1432 plausu
1137 1350 1267 1415 dicenti
1290 1370 1348 1415 ac·

397 1448 557 1512 clamant.
610 1449 666 1513 Ibi
703 1448 877 1530 Rogerius
914 1469 1029 1514 comes
1063 1449 1344 1529 Herefordensis,

396 1549 518 1611 uxoris
533 1547 674 1611 Radulfi
689 1547 807 1625 frater,
822 1549 870 1612 ibi
887 1548 1101 1627 Weldeofus,
1118 1550 1166 1614 ibi
1180 1556 1349 1632 praeterea

397 1648 652 1728 quamplurimi,
682 1648 719 1710 in
756 1667 875 1712 necem
911 1649 1003 1730 regis
1043 1649 1246 1732 conjurant3
1285 1650 1346 1712 sed

396 1753 536 1838 postero
550 1747 617 1825 die,
633 1766 723 1824 cum,
737 1746 872 1828 digesto
895 1749 1010 1813 calore
1027 1749 1110 1826 vini,
1124 1751 1347 1830 temperatior

397 1863 483 1908 aura
500 1845 605 1910 corda
622 1845 837 1928 quorundam
862 1846 1025 1924 afflasset,
1041 1847 1152 1931 major
1166 1867 1247 1930 pars
1262 1849 1346 1912 sacti

395 1946 568 2026 poenitens
582 1963 604 2008 a
618 1945 777 2010 convivio
791 1946 936 2028 dilapsa.
980 1947 1078 2010 Unus
1094 1967 1211 2011 eorum
1229 1944 1345 2033 (Wal-

395 2043 480 2108 deof
488 2041 626 2129 fertur),
643 2046 702 2126 qui
726 2045 870 2109 consilio
888 2045 1075 2110 Lanfranci
1095 2047 1345 2129 archiepiscopi

396 2135 660 2209 ¹Normanniam
673 2145 765 2208 ultro
775 2137 970 2226 ²navigans,
982 2165 1054 2208 rem
1064 2146 1150 2228 regi,
1159 2165 1266 2210 causa
1279 2166 1345 2209 sua

394 2242 569 2307 duntaxat
593 2245 717 2321 celata,
733 2242 876 2308 detulit:
901 2253 938 2310 at
960 2245 1104 2309 comites
1129 2245 1166 2308 in
1189 2246 1343 2328 incoepto

395 2344 591 2424 persistere,
602 2342 832 2425 provinciales
846 2363 929 2408 suos
943 2345 1089 2427 quisque
1103 2345 1139 2408 in
1155 2345 1341 2409 tumultum

396 2443 569 2521 excitare;
587 2443 647 2506 sed
664 2443 855 2506 obsistebat
870 2445 919 2506 eis
937 2444 1045 2520 DeuS,
1060 2462 1179 2508 ornnes
1196 2451 1342 2508 conatus

395 2559 514 2604 eorurn
530 2542 566 2604 in
582 2541 717 2605 irritum
735 2541 916 2606 deducens.
970 2543 1059 2607 Mox
1076 2544 1167 2606 enirn
1189 2565 1226 2607 re
1248 2563 1341 2607 com-

395 2647 507 2721 perta,
523 2639 629 2704 duces
652 2641 755 2722 regist,
770 2642 829 2722 qui
854 2642 1047 2706 custodiam
1068 2642 1342 2725 praetendebant,

397 2738 587 2803 Radulsum
613 2739 742 2804 adhoc
764 2740 972 2805 calamitatis
989 2743 1197 2822 compulere,
1217 2749 1269 2819 ut,
1286 2761 1342 2805 ar·

395 2846 495 2920 repta
519 2857 609 2902 nave
634 2839 726 2921 apud
744 2837 898 2917 Norwic,
917 2841 1005 2905 mari
1028 2860 1066 2904 se
1089 2842 1341 2906 committeret.

396 2957 485 3001 uxor
506 2938 593 3020 ejuS,
616 2946 720 3020 pacta
742 2939 970 3003 membrorum
994 2940 1119 3018 salute,
1142 2941 1341 3022 traditoque

395 3037 550 3114 castello,
565 3038 726 3102 maritum
748 3046 878 3102 secuta.
931 3039 1117 3121 Rogerius,
1135 3057 1157 3102 a
1170 3059 1252 3121 rege
1265 3041 1342 3104 vin·

394 3137 480 3200 culis
507 3137 674 3215 irretitus,
704 3144 779 3201 tota
805 3139 880 3201 vita
903 3158 1075 3203 carcerem
1109 3139 1342 3220 frequentavit

394 3237 450 3301 vel
467 3237 583 3319 potius
596 3236 764 3316 incoluit3
788 3235 1002 3303 detestandae
1020 3238 1206 3321 perfidiae
1191 3240 1343 3322 Juvenis,

393 3355 456 3400 nec
473 3337 624 3400 moribus
640 3338 844 3418 patrissans.

248 3457 255 3495 r
444 3435 550 3518 §256.
574 3429 803 3517 siquidem³,
784 3436 920 3500 renitor
940 3434 1027 3518 ejus,
1043 3374 1239 3502 Willelmus
1251 3438 1343 3502 filius

428 3650 435 3680 ¹
449 3653 625 3703 Normunasnm
642 3653 707 3702 adiro
725 3652 853 3714 cremans,
877 3651 942 3701 have
958 3651 1062 3700 omitted
1072 3651 1114 3702 the
1125 3651 1208 3700 whole
1223 3667 1342 3717 passage,

392 3738 442 3772 rem
457 3725 521 3785 regi,
537 3738 610 3772 cuam
624 3738 669 3771 sao
686 3725 808 3772 duntaxat
817 3737 854 3770 ce
878 3723 987 3770 because
995 3722 1055 3782 they
1066 3721 1111 3769 did
1122 3725 1340 3784 notconrprehend

392 3795 452 3854 luta,
468 3793 578 3856 detulit]
610 3793 661 3840 Mr.
681 3792 794 3854 Ingrnm,
811 3792 853 3840 the
878 3792 917 3841 it’
957 3791 1009 3840 Mr.
1031 3791 1155 3852 Ingram's
1177 3806 1280 3842 reasons
1302 3794 1341 3844 for

392 3864 473 3912 editor
494 3863 523 3912 of
541 3863 583 3912 the
605 3863 689 3910 Saxon
712 3862 854 3924 Chronicle,
878 3861 990 3922 arriving
1007 3864 1034 3908 at
1051 3861 1102 3909 this
1123 3861 1270 3911 conclusion
1289 3878 1341 3928 are,

392 3933 439 3981 has
450 3933 560 3982 accused
572 3932 747 3992 Malmesbury
757 3931 787 3980 of
793 3932 853 3980 here
878 3932 1003 3991 however,
1014 3929 1053 3978 far
1063 3929 1127 3978 from
1139 3930 1307 3993 satisfactory

391 4001 673 4064 pervernngthewords
681 4001 710 4049 cf
718 4001 760 4050 the
769 4003 854 4050 Saron
914 3985 1088 4063 waiam]
1112 4001 1177 4048 ΕΙ·
1171 4003 1342 4066 ,enavigans

369 4131 371 4137 ,
392 4073 535 4122 Chronicle.
559 4071 853 4133 Hemoreorercharges
877 4069 911 4118 A.
924 4070 952 4118 S.
967 4070 997 4118 C
1009 4070 1044 4120 D.
1056 4071 1113 4118 Ea
1125 4069 1156 4119 L.

390 4143 433 4190 the
445 4143 520 4190 Latin
534 4141 669 4190 historians
680 4140 742 4189 with
759 4141 854 4202 haring
913 4135 1040 4186 ³Geaitor
1058 4139 1131 4202 ejus]
1148 4139 1262 4188 William
1274 4141 1341 4190 Fitz-

390 4211 417 4258 in
434 4211 536 4273 general
558 4211 760 4262 misunderstood
782 4211 853 4259 these
878 4207 992 4258 Osberne
1003 4223 1059 4258 was
1076 4209 1135 4270 only
1147 4209 1189 4257 the
1206 4210 1307 4260 father·
1290 4227 1340 4262 -1n-

389 4281 484 4343 words,
495 4281 545 4330 and
564 4295 678 4331 assumes
697 4280 752 4330 that
763 4281 853 4331 ‘Some
877 4279 929 4328 law
940 4278 969 4327 ol
975 4278 1061 4341 Ralph
1073 4279 1106 4327 de
1117 4278 1232 4329 Gnader.
