3148 4982
247 503 314 549 um.
330 487 400 567 ua]
474 502 590 552 ensal
613 503 740 552 ancuu
764 505 978 555 annnorum
1130 497 1194 560 471

241 661 407 738 narravit,
422 659 622 725 Walkerius
636 661 731 743 prior
745 660 919 726 Malverni
931 682 940 740 3
964 663 1064 746 cujus
1079 665 1193 730 verbis

241 760 300 840 qui
325 779 395 824 non
421 761 541 836 credit,
556 760 719 844 injuriam
743 761 902 843 religioni
926 761 1021 826 facit.
1074 763 1191 829 ‘Non’

239 855 325 944 (ait)
340 859 548 942 ‘plusquam
563 859 757 942 quindecim
773 861 856 926 anni
870 862 954 925 sunt
969 863 1062 944 quod
1080 863 1116 926 in
1130 883 1189 928 eo-

239 956 315 1020 dem
343 957 421 1021 loco
451 958 604 1022 exitialis
627 959 702 1023 lues
724 968 886 1040 grassata
906 961 1002 1042 prius
1027 961 1189 1027 abbatem

239 1055 417 1139 corripuit,
429 1076 512 1120 mox
525 1058 653 1121 multos
669 1058 915 1121 monachorum
930 1059 1093 1124 extinxit.
1123 1061 1188 1125 Su-

237 1155 398 1236 perstites
422 1156 533 1238 primo
549 1157 696 1238 quisque
718 1157 785 1219 sibi
804 1157 937 1234 timere,
955 1159 1129 1222 orationes
1151 1167 1187 1224 et

237 1253 472 1336 eleemosynas
493 1255 661 1336 largiores
675 1255 808 1318 facere:
833 1255 894 1318 sed
916 1275 1081 1337 processu
1099 1265 1187 1320 tem·

235 1353 341 1433 poris,
368 1359 408 1416 ut
436 1360 490 1416 est
521 1354 674 1418 omnium
703 1361 830 1417 natura
863 1353 1050 1432 hominum,
1082 1357 1187 1437 pede·

235 1451 369 1527 tentim,
390 1458 484 1515 metu
507 1450 659 1535 dempto,
674 1451 852 1532 omittere3
876 1453 1076 1516 cellararius
1095 1474 1186 1535 pree-

235 1549 365 1626 sertim,
395 1551 456 1633 qui
489 1550 606 1632 palam
638 1557 673 1614 et
704 1549 849 1614 ridicule
884 1551 1078 1616 clamitaret
1116 1574 1185 1619 non

233 1666 336 1728 posse
354 1667 482 1729 penum
504 1656 559 1713 tot
581 1651 743 1731 expensis
766 1648 942 1730 sufficere3
966 1669 1124 1732 sperasse
1146 1673 1184 1718 se

233 1765 343 1828 nuper
358 1747 498 1831 aliquod
517 1748 808 1827 alleviamentum,
828 1768 892 1830 pro
907 1756 960 1812 tot
975 1750 1182 1815 elationibus

234 1843 411 1926 funerum3
435 1845 520 1909 nihil
543 1846 636 1910 ultra
660 1847 734 1928 spei
756 1865 844 1924 esse,
868 1847 898 1910 si
921 1847 1012 1929 quod
1027 1849 1099 1913 vivi
1124 1871 1180 1914 ne-

233 1943 388 2025 quissent
404 1945 531 2008 mortui
546 1952 798 2010 consumerent.
852 1944 977 2027 Itaque
999 1965 1077 2010 oum
1096 1967 1183 2029 qua-

232 2042 311 2106 dam
328 2050 428 2106 nocte
448 2063 511 2125 pro
533 2063 571 2107 re
590 2045 785 2108 necessaria
809 2062 968 2124 soporem
992 2044 1051 2107 diu
1071 2044 1181 2110 distu-

231 2140 340 2218 lisset,
353 2143 492 2206 tandem
512 2142 703 2225 elaqueatis
715 2159 889 2205 moramm
906 2142 1037 2206 retibus
1050 2143 1087 2204 in
1102 2143 1181 2208 dor-

232 2239 405 2304 mitorium
419 2242 470 2305 ire
484 2242 670 2323 pergebat;
694 2247 731 2304 et
745 2259 836 2315 ecce,
854 2259 927 2302 rem
942 2241 1064 2303 miram
1081 2242 1181 2305 audi-

230 2345 328 2404 turus
342 2359 391 2417 es,
406 2340 550 2404 videtin
573 2339 726 2422 capitulo
749 2340 920 2415 abbatem,
937 2347 972 2403 et
986 2358 1105 2402 omnes
1120 2343 1181 2423 qui

230 2438 387 2503 obierant
407 2439 467 2504 illo
481 2458 585 2516 anno,
602 2459 643 2503 eo
661 2458 731 2521 quo
749 2446 970 2503 excesserant
984 2439 1104 2503 ordine
1125 2459 1180 2503 se·

228 2537 319 2601 dere.
371 2537 528 2602 Timidus
552 2545 588 2601 et
608 2537 758 2619 effugere
780 2538 946 2619 gestiens,
960 2538 995 2602 vi
1008 2546 1179 2603 retractus

229 2644 303 2716 est3
326 2636 528 2720 increpitus,
546 2643 581 2700 et
597 2635 787 2701 monastico
804 2655 898 2700 more
912 2637 1061 2718 flagellis
1083 2657 1179 2702 coer-

229 2735 330 2812 citus,
347 2736 482 2801 audivit
498 2736 604 2800 verba
626 2735 762 2801 abbatis
779 2736 818 2798 in
831 2735 920 2799 hanc
936 2737 1077 2801 omnino
1099 2756 1178 2801 sen·

227 2836 384 2913 tentiam,
409 2835 561 2899 Stultum
584 2853 660 2898 esse
681 2834 725 2898 de
749 2835 893 2898 alterius
915 2843 1025 2900 morte
1048 2837 1179 2900 emolu-

227 2941 344 2998 mento
372 2933 518 3011 inhiare,
552 2953 630 2996 cum
661 2951 736 2996 sors
768 2934 936 3018 cujusque
967 2935 1031 2997 snb
1060 2935 1179 2998 eodem

227 3032 377 3113 pendeat
390 3033 485 3111 feto;
508 3033 651 3114 impium
680 3051 768 3109 esse,
792 3052 870 3096 cum
895 3032 1082 3096 monachus
1105 3053 1179 3096 om·

227 3149 305 3194 nem
321 3132 431 3194 vitam
447 3131 484 3194 in
506 3129 661 3195 ecclesiae
679 3131 930 3212 consumpserit
947 3131 1124 3212 obsequio,
1140 3139 1180 3195 ut

228 3235 345 3293 careat
357 3230 459 3294 unius
477 3230 600 3294 saltem
621 3228 702 3292 anni
719 3237 800 3310 post
813 3235 959 3291 mortem
982 3228 1176 3309 stipendio:

226 3327 324 3391 illum
355 3327 520 3392 citissime
549 3327 734 3404 obiturum,
768 3326 828 3390 sed
855 3325 1019 3408 quicquid
1045 3343 1109 3407 pro
1137 3346 1178 3391 eo

227 3425 337 3503 fieret,
355 3426 399 3490 ad
413 3427 560 3490 aliorum
575 3425 700 3508 quibus
721 3424 914 3489 abstulerat
930 3424 1179 3489 refundendum

227 3524 465 3604 commodum3
493 3525 560 3589 iret
585 3524 700 3601 modo,
729 3530 764 3587 et
788 3524 877 3588 alios
904 3523 1091 3603 corrigeret
1116 3544 1178 3588 ex-

228 3623 342 3704 emplo
357 3643 444 3706 quos
461 3630 663 3704 corruperat
682 3623 793 3687 verbo.
845 3619 944 3686 Abiit
962 3622 1042 3700 ille3
1067 3630 1102 3685 et
1123 3624 1178 3686 ni·

226 3721 274 3783 hil
293 3740 331 3784 se
348 3741 476 3785 vanum
490 3721 630 3798 vidisse,
644 3728 716 3784 tam
733 3722 928 3786 recentibus
946 3720 1060 3802 plagis
1074 3740 1177 3803 quam

227 3820 387 3903 proximo
404 3840 458 3884 sm
449 3820 583 3896 obitu,
598 3819 828 3884 monstravit?

279 3917 388 4001 §294
413 3918 565 3995 Interea,
582 3917 663 3981 dum
686 3918 755 3984 alia
777 3919 925 3999 agimus,
947 3916 1087 3997 irrepsit
1107 3931 1234 4020 met-0110
1207 3934 1281 3972 ontrov
1268 3942 1331 3982 vro

226 4016 327 4093 teria,
344 4016 559 4080 etvoluntas
579 4017 739 4093 accessit,
756 4016 894 4099 utquid
917 4022 1072 4096 tempore
1086 4016 1200 4080 Wil-·
1189 4040 1304 4120 aqut·
1244 4031 1290 4070 otc
1245 3982 1330 4123 md}

225 4115 319 4178 lelmi
350 4117 443 4197 regis
475 4113 653 4179 delinitum
686 4115 731 4178 sit
759 4113 802 4178 de
830 4112 1068 4177 controversia
1098 4134 1233 4197 quaeor
1190 4129 1223 4169 Yo
1189 4082 1313 4170 “ru-m

225 4212 338 4288 adhuc
372 4215 465 4278 inter
501 4211 778 4297 archiepiscopos
815 4211 1099 4276 Cantuariensem
1142 4221 1177 4279 et

990 4325 1055 4373 ura
