3080 4960
198 428 268 479 nis.
286 416 358 498 111.]
488 431 662 480 russelun
685 432 863 482 Novanus.
1083 420 1150 487 755

198 681 246 726 DE
285 679 452 727 coNclnlo
490 679 563 737 QUO
600 679 763 727 LEGATUS
797 679 980 728 TENTAVl'l'
1013 683 1150 730 LENlRE
1210 665 1213 671 ’

210 809 213 814 <
249 778 396 827 CAUSAM
436 777 674 830 REGEPTIONIS
694 779 972 828 ,ΙΜΡΕΒΑΤΒΙΟΙΒ
1008 781 1047 828 IN
1083 783 1147 828 DO-

250 878 383 924 MINAM.

251 985 332 1068 §52
349 984 490 1047 Interea
504 984 654 1065 legatus,
671 983 845 1047 immodici
859 984 964 1047 animi
977 985 1146 1066 pontifex,
1158 1009 1275 1050 annana

201 1085 260 1166 qui
275 1083 367 1166 quod
383 1082 487 1145 semel
499 1083 737 1164 proposuisset
751 1102 821 1145 non
835 1081 1029 1146 ineffectum
1045 1060 1273 1150 rolin-lim·

201 1202 306 1264 quere
330 1182 445 1258 vellet,
468 1181 652 1244 concilium
677 1201 741 1264 pro
761 1181 843 1265 jure
864 1182 1049 1264 legationis
1075 1158 1239 1248 suae⁰⁶⁰⁴⁷'

200 1283 292 1363 apud
322 1277 671 1345 westmonasterium
709 1279 764 1343 die
804 1288 1005 1345 octavarum
1035 1283 1149 1346 saneti

200 1378 352 1445 Andreae
370 1379 496 1460 coegit.
548 1378 635 1462 Ejus
659 1379 796 1442 concilii
813 1381 985 1444 actionem
1007 1382 1150 1445 nonita

200 1488 327 1543 exacta
339 1478 406 1542 fide
427 1478 617 1559 pronuncio
633 1483 675 1540 ut
692 1477 890 1559 superioris,
909 1479 991 1560 quia
1009 1499 1078 1543 non
1094 1481 1148 1544 iu-

201 1579 315 1642 teriui.
367 1574 535 1641 Auditum
558 1583 613 1638 est
628 1576 736 1638 lectas
758 1577 795 1639 in
821 1596 862 1640 eo
884 1577 1004 1640 literas
1019 1578 1150 1642 domini
1206 1609 1208 1614 .

200 1675 393 1758 apostolici,
403 1675 528 1756 quibus
542 1675 695 1738 modeste
712 1674 867 1756 legatum
881 1684 1044 1757 argueret
1056 1678 1149 1759 quod

201 1777 346 1840 liberare
363 1774 505 1837 fratrem
521 1792 621 1836 suum
636 1773 898 1838 dissimulasset.
951 1776 1081 1841 Delicti
1095 1784 1149 1840 ta-

200 1895 279 1939 men
296 1873 481 1956 superioris
497 1873 646 1954 gratiam
660 1870 792 1952 facere;
816 1882 852 1937 et
868 1893 1076 1956 magnopere
1092 1894 1150 1939 co·
1174 1867 1178 1872 ’

200 1975 344 2050 hortari,
362 1981 402 2036 ut
414 1985 619 2054 quocunque
635 1973 749 2049 modo,
765 1971 822 2035 vel
843 1973 1076 2036 ecclesiastico
1091 1974 1147 2038 vel

202 2073 362 2150 seculari,
378 2075 509 2153 posset,
529 2070 573 2134 ad
591 2071 745 2151 germani
769 2071 1007 2135 liberationem
1035 2073 1147 2136 accin-

200 2181 350 2254 geretur.
396 2169 530 2251 Regem
546 2171 659 2252 ipsum
672 2171 708 2232 in
723 2170 906 2234 concilium
922 2171 1096 2249 introisse,
1112 2178 1148 2236 et
1159 2193 1266 2242 menna

201 2271 295 2353 apud
318 2275 477 2334 sanctum
497 2277 703 2333 conventum
730 2269 979 2351 querimoniam
1000 2247 1294 2352 deposul'il'lllnln.

199 2371 280 2445 isse,
295 2369 387 2452 quod
409 2367 564 2432 homines
586 2368 641 2430 sui
655 2374 691 2431 et
705 2387 782 2432 eum
805 2369 969 2450 ceperint,
987 2376 1023 2432 et
1040 2369 1146 2434 afflic-

200 2471 294 2533 tione
309 2467 592 2532 contumeliarum
605 2465 709 2548 paulo
725 2467 840 2530 minus
850 2469 1076 2546 extinxerint,
1087 2470 1148 2550 qui

195 2568 369 2653 justitiam
387 2567 436 2630 eis
450 2585 627 2649 nunquam
639 2550 811 2646 negass'et.
858 2566 979 2648 Ipsum
992 2567 1147 2648 legatum
1160 2587 1205 2627 me
1214 2588 1283 2638 aaa

200 2667 336 2750 magnis
349 2666 554 2746 eloquentiae
570 2665 701 2730 viribus
715 2664 886 2729 factorum
901 2685 1042 2729 suorum
1055 2667 1146 2732 invi—
1158 2641 1290 2728 iiiiii?

202 2767 294 2830 diam
318 2772 471 2830 tentasse
496 2765 679 2828 alleviare:
705 2764 820 2846 ‘quod
842 2765 976 2829 scilicet
997 2737 1311 2848 impera-iiiiii?

201 2867 321 2929 tricem
344 2885 414 2929 non
432 2864 613 2928 voluntate
637 2862 697 2926 sed
720 2864 927 2928 necessitate
947 2866 1147 2946 recepisset,

201 2966 329 3046 quippe
348 2982 428 3026 cum
445 2963 575 3026 recenti
597 2962 709 3025 adbuc
726 2961 843 3025 fratris
866 2963 921 3025 sui
939 2962 1036 3027 clade
1054 2961 1147 3049 (om-

201 3064 302 3127 nibus
328 3060 511 3125 comitibus
527 3060 582 3124 vel
597 3059 740 3139 fugatis,
757 3060 813 3122 vel
829 3067 990 3123 eventum
1004 3062 1054 3124 rei
1071 3081 1148 3126 sus-

200 3168 303 3244 pecta
316 3166 430 3222 mente
443 3154 754 3241 praestolantibus)
763 3158 840 3238 ipsa
855 3177 933 3246 oum
943 3160 1017 3222 suis
1031 3179 1147 3224 muros

200 3259 390 3324 Wintoniae
414 3258 713 3332 circumsonasset,
729 3257 840 3338 ipsam
854 3267 1067 3339 quaecunque
1085 3278 1147 3340 pe-

200 3360 337 3442 pigerat
352 3357 397 3420 ad
423 3356 645 3421 ecclesiarum
658 3355 717 3439 jus
743 3357 952 3436 pertinentia
973 3357 1147 3422 obstinate

199 3457 356 3539 fregisse.
399 3454 495 3533 Quin
508 3456 612 3517 etiam
629 3454 731 3516 certis
747 3455 945 3518 auctoribus
966 3457 1010 3518 ad
1032 3474 1069 3518 se
1089 3455 1148 3520 de·

198 3557 309 3621 latum
325 3574 401 3618 eam
418 3560 454 3617 et
469 3573 551 3617 suos
572 3573 641 3617 non
667 3552 779 3615 solum
800 3553 961 3634 dignitati
983 3573 1069 3632 suae,
1086 3555 1147 3619 sed

200 3663 236 3741 et
252 3655 347 3729 vitae,
370 3653 540 3716 struxisse
563 3651 729 3716 insidias:
756 3660 931 3729 caeterum,
948 3653 1062 3717 Deum
1085 3674 1147 3737 pro

200 3773 264 3818 sua
283 3753 465 3816 clementia
479 3771 579 3815 secus
597 3769 701 3834 quam
716 3751 793 3832 ipsa
814 3759 987 3832 sperasset
1002 3753 1148 3816 vertisse

199 3853 353 3934 negotia,
373 3857 414 3914 nt
436 3857 472 3914 et
492 3851 567 3932 ipse
589 3849 774 3932 perniciem
787 3851 925 3927 vitaret,
948 3859 983 3912 et
1004 3849 1147 3914 fratrem

199 3971 301 4016 suum
328 3950 476 4014 vinculis
508 3950 687 4013 eximeret.
741 3946 866 4030 Itaque
889 3949 1011 4033 jubere
1040 3968 1078 4012 se
1105 3949 1288 4013 decommu-

199 4058 299 4133 parte
315 4049 383 4113 Dei
406 4055 442 4112 et
459 4048 655 4130 apostolici,
678 4055 718 4111 ut
739 4067 867 4128 regem,
884 4048 1065 4112 voluntate
1086 4068 1147 4130 po·
1159 4019 1279 4117 idid?

199 4150 272 4232 puli
286 4156 321 4213 et
335 4166 480 4212 assensu
497 4148 589 4238 sedis
606 4147 807 4228 apostolicae
830 4147 1023 4224 inunctum,
1038 4167 1148 4230 quan·
1159 4117 1219 4168 ὡς’
