<?xml version="1.0" encoding="UTF-8"?>
<!DOCTYPE html PUBLIC "-//W3C//DTD XHTML 1.0 Transitional//EN"
    "http://www.w3.org/TR/xhtml1/DTD/xhtml1-transitional.dtd">
<html xmlns="http://www.w3.org/1999/xhtml" xml:lang="en" lang="en">
 <head>
  <title>
</title>
<meta http-equiv="Content-Type" content="text/html;charset=utf-8" />
  <meta name='ocr-system' content='tesseract 3.04.00' />
  <meta name='ocr-capabilities' content='ocr_page ocr_carea ocr_par ocr_line ocrx_word'/>
</head>
<body>
  <div class='ocr_page' id='page_1' title='image "./willelmimalmesb00hardgoog_0312.png"; bbox 0 0 3152 4970; ppageno 0'>
   <div class='ocr_carea' id='block_1_1' title="bbox 232 665 360 764">
    <p class='ocr_par' dir='ltr' id='par_1_1' title="bbox 232 665 360 764">
     <span class='ocr_line' id='line_1_1' title="bbox 232 665 351 705; baseline -0.008 0"><span class='ocrx_word' id='word_1_1' title='bbox 232 667 318 705; x_wconf 72' lang='lat' dir='ltr'><strong>contest</strong></span> <span class='ocrx_word' id='word_1_2' title='bbox 327 665 351 704; x_wconf 81' lang='lat' dir='ltr'><strong>ol</strong></span> 
     </span>
     <span class='ocr_line' id='line_1_2' title="bbox 232 715 360 764; baseline -0.016 -8"><span class='ocrx_word' id='word_1_3' title='bbox 232 717 293 764; x_wconf 80' lang='lat' dir='ltr'><strong>Emp.</strong></span> <span class='ocrx_word' id='word_1_4' title='bbox 304 715 360 754; x_wconf 77' lang='lat' dir='ltr'><strong>neo.</strong></span> 
     </span>
    </p>
   </div>
   <div class='ocr_carea' id='block_1_2' title="bbox 233 766 366 804">
    <p class='ocr_par' dir='ltr' id='par_1_2' title="bbox 233 766 366 804">
     <span class='ocr_line' id='line_1_3' title="bbox 233 766 366 804; baseline 0.023 -2"><span class='ocrx_word' id='word_1_5' title='bbox 233 767 259 804; x_wconf 86' lang='lat' dir='ltr'><strong>V.</strong></span> <span class='ocrx_word' id='word_1_6' title='bbox 268 766 320 804; x_wconf 76' lang='lat' dir='ltr'><strong>wltn</strong></span> <span class='ocrx_word' id='word_1_7' title='bbox 328 766 366 804; x_wconf 83' lang='lat' dir='ltr'><strong>the</strong></span> 
     </span>
    </p>
   </div>
   <div class='ocr_carea' id='block_1_3' title="bbox 235 817 348 866">
    <p class='ocr_par' dir='ltr' id='par_1_3' title="bbox 235 817 348 866">
     <span class='ocr_line' id='line_1_4' title="bbox 235 817 348 866; baseline -0.009 -10"><span class='ocrx_word' id='word_1_8' title='bbox 235 817 298 866; x_wconf 79' lang='lat' dir='ltr'><strong>l’apal</strong></span> <span class='ocrx_word' id='word_1_9' title='bbox 306 827 348 856; x_wconf 85' lang='lat' dir='ltr'><strong>see.</strong></span> 
     </span>
    </p>
   </div>
   <div class='ocr_carea' id='block_1_4' title="bbox 390 471 1346 552">
    <p class='ocr_par' dir='ltr' id='par_1_4' title="bbox 390 471 1346 552">
     <span class='ocr_line' id='line_1_5' title="bbox 390 471 1346 552; baseline -0.002 -16"><span class='ocrx_word' id='word_1_10' title='bbox 390 471 457 536; x_wconf 83' lang='lat'><strong>666</strong></span> <span class='ocrx_word' id='word_1_11' title='bbox 606 488 720 539; x_wconf 73' lang='lat' dir='ltr'><strong>cnsrs</strong></span> <span class='ocrx_word' id='word_1_12' title='bbox 743 487 870 536; x_wconf 83' lang='grc'>66666</span> <span class='ocrx_word' id='word_1_13' title='bbox 894 487 1108 536; x_wconf 74' lang='lat' dir='ltr'><strong>suenorum.</strong></span> <span class='ocrx_word' id='word_1_14' title='bbox 1205 471 1293 552; x_wconf 83' lang='lat' dir='ltr'><strong>[nm.</strong></span> <span class='ocrx_word' id='word_1_15' title='bbox 1311 487 1346 534; x_wconf 88' lang='lat' dir='ltr'><strong>v.</strong></span> 
     </span>
    </p>
   </div>
   <div class='ocr_carea' id='block_1_5' title="bbox 393 643 1344 1506">
    <p class='ocr_par' dir='ltr' id='par_1_5' title="bbox 393 643 1344 1506">
     <span class='ocr_line' id='line_1_6' title="bbox 393 643 1343 728; baseline 0.001 -21"><span class='ocrx_word' id='word_1_16' title='bbox 393 651 457 720; x_wconf 85' lang='lat' dir='ltr'><strong>ret,</strong></span> <span class='ocrx_word' id='word_1_17' title='bbox 481 645 675 710; x_wconf 86' lang='lat' dir='ltr'><strong>involvens.</strong></span> <span class='ocrx_word' id='word_1_18' title='bbox 728 645 787 710; x_wconf 88' lang='lat' dir='ltr'><strong>Ita</strong></span> <span class='ocrx_word' id='word_1_19' title='bbox 806 653 959 728; x_wconf 85' lang='lat' dir='ltr'><strong>tempore</strong></span> <span class='ocrx_word' id='word_1_20' title='bbox 983 645 1165 728; x_wconf 87' lang='lat' dir='ltr'><strong>aliquanto</strong></span> <span class='ocrx_word' id='word_1_21' title='bbox 1190 645 1228 708; x_wconf 93' lang='lat' dir='ltr'><strong>in</strong></span> <span class='ocrx_word' id='word_1_22' title='bbox 1253 643 1343 708; x_wconf 85' lang='lat' dir='ltr'><strong>inse-</strong></span> 
     </span>
     <span class='ocr_line' id='line_1_7' title="bbox 393 744 1343 828; baseline 0.001 -20"><span class='ocrx_word' id='word_1_23' title='bbox 393 744 539 808; x_wconf 90' lang='lat' dir='ltr'><strong>rioribus</strong></span> <span class='ocrx_word' id='word_1_24' title='bbox 563 746 677 828; x_wconf 75' lang='lat' dir='ltr'><strong>plagis</strong></span> <span class='ocrx_word' id='word_1_25' title='bbox 697 752 865 822; x_wconf 70' lang='lat' dir='ltr'><strong>moratus</strong></span> <span class='ocrx_word' id='word_1_26' title='bbox 881 753 922 810; x_wconf 90' lang='lat' dir='ltr'><strong>ut</strong></span> <span class='ocrx_word' id='word_1_27' title='bbox 936 752 1054 828; x_wconf 88' lang='lat' dir='ltr'><strong>partes</strong></span> <span class='ocrx_word' id='word_1_28' title='bbox 1079 763 1162 808; x_wconf 89' lang='lat' dir='ltr'><strong>suas</strong></span> <span class='ocrx_word' id='word_1_29' title='bbox 1183 752 1343 827; x_wconf 84' lang='lat' dir='ltr'><strong>augeret,</strong></span> 
     </span>
     <span class='ocr_line' id='line_1_8' title="bbox 395 844 1344 929; baseline -0.001 -20"><span class='ocrx_word' id='word_1_30' title='bbox 395 845 557 921; x_wconf 87' lang='lat' dir='ltr'><strong>Romam,</strong></span> <span class='ocrx_word' id='word_1_31' title='bbox 571 847 772 929; x_wconf 86' lang='lat' dir='ltr'><strong>compositis</strong></span> <span class='ocrx_word' id='word_1_32' title='bbox 791 847 828 910; x_wconf 94' lang='lat' dir='ltr'><strong>in</strong></span> <span class='ocrx_word' id='word_1_33' title='bbox 845 844 964 909; x_wconf 87' lang='lat' dir='ltr'><strong>Gallia</strong></span> <span class='ocrx_word' id='word_1_34' title='bbox 977 847 1092 922; x_wconf 89' lang='lat' dir='ltr'><strong>rebus,</strong></span> <span class='ocrx_word' id='word_1_35' title='bbox 1106 845 1214 921; x_wconf 88' lang='lat' dir='ltr'><strong>venit,</strong></span> <span class='ocrx_word' id='word_1_36' title='bbox 1233 845 1344 908; x_wconf 91' lang='lat' dir='ltr'><strong>liben-</strong></span> 
     </span>
     <span class='ocr_line' id='line_1_9' title="bbox 395 941 1343 1032; baseline 0 -24"><span class='ocrx_word' id='word_1_37' title='bbox 395 951 515 1026; x_wconf 82' lang='lat' dir='ltr'><strong>terque</strong></span> <span class='ocrx_word' id='word_1_38' title='bbox 527 963 550 1007; x_wconf 89' lang='lat' dir='ltr'><strong>a</strong></span> <span class='ocrx_word' id='word_1_39' title='bbox 561 945 697 1010; x_wconf 87' lang='lat' dir='ltr'><strong>civibus</strong></span> <span class='ocrx_word' id='word_1_40' title='bbox 711 945 809 1032; x_wconf 88' lang='lat' dir='ltr'><strong>(narn</strong></span> <span class='ocrx_word' id='word_1_41' title='bbox 820 947 896 1030; x_wconf 88' lang='lat' dir='ltr'><strong>jam</strong></span> <span class='ocrx_word' id='word_1_42' title='bbox 910 946 1099 1027; x_wconf 87' lang='lat' dir='ltr'><strong>imperator</strong></span> <span class='ocrx_word' id='word_1_43' title='bbox 1117 941 1343 1028; x_wconf 81' lang='lat' dir='ltr'><strong>discesserat)</strong></span> 
     </span>
     <span class='ocr_line' id='line_1_10' title="bbox 396 1043 1342 1127; baseline 0.003 -22"><span class='ocrx_word' id='word_1_44' title='bbox 396 1051 555 1127; x_wconf 86' lang='lat' dir='ltr'><strong>receptus</strong></span> <span class='ocrx_word' id='word_1_45' title='bbox 572 1053 636 1110; x_wconf 89' lang='lat' dir='ltr'><strong>est.</strong></span> <span class='ocrx_word' id='word_1_46' title='bbox 688 1045 778 1108; x_wconf 83' lang='lat' dir='ltr'><strong>Tum</strong></span> <span class='ocrx_word' id='word_1_47' title='bbox 804 1045 990 1122; x_wconf 75' lang='lat' dir='ltr'><strong>BurdinuS,</strong></span> <span class='ocrx_word' id='word_1_48' title='bbox 1007 1044 1042 1107; x_wconf 95' lang='lat' dir='ltr'><strong>in</strong></span> <span class='ocrx_word' id='word_1_49' title='bbox 1060 1043 1173 1108; x_wconf 91' lang='lat' dir='ltr'><strong>medio</strong></span> <span class='ocrx_word' id='word_1_50' title='bbox 1188 1043 1342 1120; x_wconf 89' lang='lat' dir='ltr'><strong>relictus,</strong></span> 
     </span>
     <span class='ocr_line' id='line_1_11' title="bbox 397 1143 1342 1229; baseline 0 -22"><span class='ocrx_word' id='word_1_51' title='bbox 397 1144 551 1208; x_wconf 89' lang='lat' dir='ltr'><strong>Sutrium</strong></span> <span class='ocrx_word' id='word_1_52' title='bbox 567 1145 699 1227; x_wconf 82' lang='lat' dir='ltr'><strong>effugit,</strong></span> <span class='ocrx_word' id='word_1_53' title='bbox 716 1146 834 1208; x_wconf 89' lang='lat' dir='ltr'><strong>multis</strong></span> <span class='ocrx_word' id='word_1_54' title='bbox 850 1146 1109 1229; x_wconf 80' lang='lat' dir='ltr'><strong>peregrinorum</strong></span> <span class='ocrx_word' id='word_1_55' title='bbox 1132 1143 1342 1207; x_wconf 86' lang='lat' dir='ltr'><strong>calamitati-</strong></span> 
     </span>
     <span class='ocr_line' id='line_1_12' title="bbox 397 1244 1342 1327; baseline 0 -21"><span class='ocrx_word' id='word_1_56' title='bbox 397 1245 462 1307; x_wconf 88' lang='lat' dir='ltr'><strong>bus</strong></span> <span class='ocrx_word' id='word_1_57' title='bbox 488 1252 655 1327; x_wconf 89' lang='lat' dir='ltr'><strong>papatum</strong></span> <span class='ocrx_word' id='word_1_58' title='bbox 680 1263 781 1309; x_wconf 90' lang='lat' dir='ltr'><strong>suum</strong></span> <span class='ocrx_word' id='word_1_59' title='bbox 803 1245 919 1310; x_wconf 86' lang='lat' dir='ltr'><strong>fovere</strong></span> <span class='ocrx_word' id='word_1_60' title='bbox 936 1244 1144 1323; x_wconf 83' lang='lat' dir='ltr'><strong>meditatus3</strong></span> <span class='ocrx_word' id='word_1_61' title='bbox 1172 1244 1246 1321; x_wconf 90' lang='lat' dir='ltr'><strong>sed,</strong></span> <span class='ocrx_word' id='word_1_62' title='bbox 1271 1264 1342 1326; x_wconf 90' lang='lat' dir='ltr'><strong>quo</strong></span> 
     </span>
     <span class='ocr_line' id='line_1_13' title="bbox 397 1343 1341 1431; baseline 0.001 -25"><span class='ocrx_word' id='word_1_63' title='bbox 397 1343 499 1408; x_wconf 90' lang='lat' dir='ltr'><strong>modo</strong></span> <span class='ocrx_word' id='word_1_64' title='bbox 526 1345 606 1410; x_wconf 88' lang='lat' dir='ltr'><strong>inde</strong></span> <span class='ocrx_word' id='word_1_65' title='bbox 640 1346 686 1410; x_wconf 89' lang='lat' dir='ltr'><strong>sit</strong></span> <span class='ocrx_word' id='word_1_66' title='bbox 715 1347 860 1431; x_wconf 89' lang='lat' dir='ltr'><strong>ejectus,</strong></span> <span class='ocrx_word' id='word_1_67' title='bbox 891 1345 1050 1427; x_wconf 80' lang='lat' dir='ltr'><strong>sequenti</strong></span> <span class='ocrx_word' id='word_1_68' title='bbox 1080 1343 1228 1426; x_wconf 90' lang='lat' dir='ltr'><strong>epistola</strong></span> <span class='ocrx_word' id='word_1_69' title='bbox 1257 1363 1341 1426; x_wconf 84' lang='lat' dir='ltr'><strong>eog-</strong></span> 
     </span>
     <span class='ocr_line' id='line_1_14' title="bbox 397 1462 530 1506; baseline 0 0"><span class='ocrx_word' id='word_1_70' title='bbox 397 1462 530 1506; x_wconf 89' lang='lat' dir='ltr'><strong>nosces.</strong></span> 
     </span>
    </p>
   </div>
   <div class='ocr_carea' id='block_1_6' title="bbox 257 1541 1344 1724">
    <p class='ocr_par' dir='ltr' id='par_1_6' title="bbox 257 1541 1344 1724">
     <span class='ocr_line' id='line_1_15' title="bbox 257 1541 1342 1627; baseline -0.005 -17"><span class='ocrx_word' id='word_1_71' title='bbox 257 1574 269 1610; x_wconf 76' lang='lat' dir='ltr'><strong>n</strong></span> <span class='ocrx_word' id='word_1_72' title='bbox 326 1572 339 1600; x_wconf 84' lang='lat' dir='ltr'><strong>o</strong></span> <span class='ocrx_word' id='word_1_73' title='bbox 449 1541 560 1624; x_wconf 69' lang='lat'><strong>5433.</strong></span> <span class='ocrx_word' id='word_1_74' title='bbox 593 1541 776 1607; x_wconf 85' lang='lat' dir='ltr'><strong>‘Calixtus</strong></span> <span class='ocrx_word' id='word_1_75' title='bbox 803 1542 997 1627; x_wconf 87' lang='lat' dir='ltr'><strong>episcopus,</strong></span> <span class='ocrx_word' id='word_1_76' title='bbox 1021 1561 1142 1607; x_wconf 86' lang='lat' dir='ltr'><strong>servus</strong></span> <span class='ocrx_word' id='word_1_77' title='bbox 1163 1561 1342 1606; x_wconf 77' lang='lat' dir='ltr'><strong>servorum</strong></span> 
     </span>
     <span class='ocr_line' id='line_1_16' title="bbox 306 1623 1344 1724; baseline 0.001 -20"><span class='ocrx_word' id='word_1_78' title='bbox 306 1623 332 1652; x_wconf 76' lang='lat'><strong>¹²⁸</strong></span> <span class='ocrx_word' id='word_1_79' title='bbox 366 1640 371 1649; x_wconf 87' lang='lat'>&#39;</span> <span class='ocrx_word' id='word_1_80' title='bbox 399 1641 478 1718; x_wconf 88' lang='lat' dir='ltr'><strong>Dei,</strong></span> <span class='ocrx_word' id='word_1_81' title='bbox 507 1642 642 1707; x_wconf 89' lang='lat' dir='ltr'><strong>dilectis</strong></span> <span class='ocrx_word' id='word_1_82' title='bbox 671 1641 837 1706; x_wconf 82' lang='lat' dir='ltr'><strong>fratribus</strong></span> <span class='ocrx_word' id='word_1_83' title='bbox 875 1649 911 1707; x_wconf 93' lang='lat' dir='ltr'><strong>et</strong></span> <span class='ocrx_word' id='word_1_84' title='bbox 941 1642 1033 1720; x_wconf 89' lang='lat' dir='ltr'><strong>filiis,</strong></span> <span class='ocrx_word' id='word_1_85' title='bbox 1063 1641 1344 1724; x_wconf 62' lang='lat' dir='ltr'><strong>archiepiscopis</strong></span> 
     </span>
    </p>
   </div>
   <div class='ocr_carea' id='block_1_7' title="bbox 397 1742 1345 2425">
    <p class='ocr_par' dir='ltr' id='par_1_7' title="bbox 397 1742 1345 2425">
     <span class='ocr_line' id='line_1_17' title="bbox 399 1742 1343 1825; baseline 0.002 -21"><span class='ocrx_word' id='word_1_86' title='bbox 399 1742 582 1825; x_wconf 88' lang='lat' dir='ltr'><strong>episcopis,</strong></span> <span class='ocrx_word' id='word_1_87' title='bbox 608 1743 804 1820; x_wconf 89' lang='lat' dir='ltr'><strong>abbatibus,</strong></span> <span class='ocrx_word' id='word_1_88' title='bbox 835 1743 1019 1825; x_wconf 87' lang='lat' dir='ltr'><strong>prioribus,</strong></span> <span class='ocrx_word' id='word_1_89' title='bbox 1048 1749 1084 1806; x_wconf 91' lang='lat' dir='ltr'><strong>et</strong></span> <span class='ocrx_word' id='word_1_90' title='bbox 1108 1742 1244 1806; x_wconf 87' lang='lat' dir='ltr'><strong>caeteris</strong></span> <span class='ocrx_word' id='word_1_91' title='bbox 1271 1748 1343 1806; x_wconf 89' lang='lat' dir='ltr'><strong>tam</strong></span> 
     </span>
     <span class='ocr_line' id='line_1_18' title="bbox 398 1840 1345 1924; baseline 0 -20"><span class='ocrx_word' id='word_1_92' title='bbox 398 1840 531 1905; x_wconf 85' lang='lat' dir='ltr'><strong>clericis</strong></span> <span class='ocrx_word' id='word_1_93' title='bbox 561 1861 664 1924; x_wconf 89' lang='lat' dir='ltr'><strong>quam</strong></span> <span class='ocrx_word' id='word_1_94' title='bbox 698 1843 808 1920; x_wconf 88' lang='lat' dir='ltr'><strong>laicis,</strong></span> <span class='ocrx_word' id='word_1_95' title='bbox 835 1843 929 1906; x_wconf 90' lang='lat' dir='ltr'><strong>beati</strong></span> <span class='ocrx_word' id='word_1_96' title='bbox 963 1842 1059 1905; x_wconf 90' lang='lat' dir='ltr'><strong>Petri</strong></span> <span class='ocrx_word' id='word_1_97' title='bbox 1087 1840 1258 1919; x_wconf 89' lang='lat' dir='ltr'><strong>fidelibus,</strong></span> <span class='ocrx_word' id='word_1_98' title='bbox 1282 1861 1345 1924; x_wconf 87' lang='lat' dir='ltr'><strong>por</strong></span> 
     </span>
     <span class='ocr_line' id='line_1_19' title="bbox 399 1939 1343 2024; baseline -0.001 -20"><span class='ocrx_word' id='word_1_99' title='bbox 399 1939 534 2005; x_wconf 90' lang='lat' dir='ltr'><strong>Gallias</strong></span> <span class='ocrx_word' id='word_1_100' title='bbox 551 1942 761 2019; x_wconf 70' lang='lat' dir='ltr'><strong>constitutis</strong></span> <span class='ocrx_word' id='word_1_101' title='bbox 775 1943 923 2007; x_wconf 87' lang='lat' dir='ltr'><strong>salutem</strong></span> <span class='ocrx_word' id='word_1_102' title='bbox 938 1949 975 2007; x_wconf 90' lang='lat' dir='ltr'><strong>et</strong></span> <span class='ocrx_word' id='word_1_103' title='bbox 990 1941 1216 2024; x_wconf 85' lang='lat' dir='ltr'><strong>apostolicam</strong></span> <span class='ocrx_word' id='word_1_104' title='bbox 1240 1942 1343 2004; x_wconf 92' lang='lat' dir='ltr'><strong>bene-</strong></span> 
     </span>
     <span class='ocr_line' id='line_1_20' title="bbox 398 2039 1343 2125; baseline 0.002 -22"><span class='ocrx_word' id='word_1_105' title='bbox 398 2039 593 2106; x_wconf 85' lang='lat' dir='ltr'><strong>dictionem.</strong></span> <span class='ocrx_word' id='word_1_106' title='bbox 646 2041 740 2121; x_wconf 80' lang='lat' dir='ltr'><strong>Quia</strong></span> <span class='ocrx_word' id='word_1_107' title='bbox 763 2042 947 2125; x_wconf 88' lang='lat' dir='ltr'><strong>dereliquit</strong></span> <span class='ocrx_word' id='word_1_108' title='bbox 967 2041 1117 2124; x_wconf 87' lang='lat' dir='ltr'><strong>populus</strong></span> <span class='ocrx_word' id='word_1_109' title='bbox 1142 2041 1253 2122; x_wconf 84' lang='lat' dir='ltr'><strong>legem</strong></span> <span class='ocrx_word' id='word_1_110' title='bbox 1269 2041 1343 2105; x_wconf 91' lang='lat' dir='ltr'><strong>Do·</strong></span> 
     </span>
     <span class='ocr_line' id='line_1_21' title="bbox 398 2141 1343 2226; baseline 0.001 -23"><span class='ocrx_word' id='word_1_111' title='bbox 398 2142 494 2219; x_wconf 89' lang='lat' dir='ltr'><strong>mini,</strong></span> <span class='ocrx_word' id='word_1_112' title='bbox 516 2149 552 2206; x_wconf 85' lang='lat' dir='ltr'><strong>et</strong></span> <span class='ocrx_word' id='word_1_113' title='bbox 567 2143 603 2206; x_wconf 91' lang='lat' dir='ltr'><strong>in</strong></span> <span class='ocrx_word' id='word_1_114' title='bbox 615 2142 755 2226; x_wconf 88' lang='lat' dir='ltr'><strong>judiciis</strong></span> <span class='ocrx_word' id='word_1_115' title='bbox 769 2142 846 2226; x_wconf 88' lang='lat' dir='ltr'><strong>ejus</strong></span> <span class='ocrx_word' id='word_1_116' title='bbox 864 2161 934 2206; x_wconf 90' lang='lat' dir='ltr'><strong>non</strong></span> <span class='ocrx_word' id='word_1_117' title='bbox 951 2141 1117 2218; x_wconf 87' lang='lat' dir='ltr'><strong>ambulat,</strong></span> <span class='ocrx_word' id='word_1_118' title='bbox 1131 2141 1253 2205; x_wconf 86' lang='lat' dir='ltr'><strong>visitat</strong></span> <span class='ocrx_word' id='word_1_119' title='bbox 1268 2142 1343 2205; x_wconf 85' lang='lat' dir='ltr'><strong>Do-</strong></span> 
     </span>
     <span class='ocr_line' id='line_1_22' title="bbox 398 2241 1344 2325; baseline 0.003 -22"><span class='ocrx_word' id='word_1_120' title='bbox 398 2242 512 2304; x_wconf 87' lang='lat' dir='ltr'><strong>minus</strong></span> <span class='ocrx_word' id='word_1_121' title='bbox 534 2243 634 2324; x_wconf 82' lang='lat' dir='ltr'><strong>virga</strong></span> <span class='ocrx_word' id='word_1_122' title='bbox 657 2243 859 2325; x_wconf 79' lang='lat' dir='ltr'><strong>iniquitates</strong></span> <span class='ocrx_word' id='word_1_123' title='bbox 881 2261 999 2306; x_wconf 87' lang='lat' dir='ltr'><strong>eorum</strong></span> <span class='ocrx_word' id='word_1_124' title='bbox 1027 2248 1062 2305; x_wconf 89' lang='lat' dir='ltr'><strong>et</strong></span> <span class='ocrx_word' id='word_1_125' title='bbox 1085 2241 1121 2304; x_wconf 91' lang='lat' dir='ltr'><strong>in</strong></span> <span class='ocrx_word' id='word_1_126' title='bbox 1145 2241 1344 2306; x_wconf 82' lang='lat' dir='ltr'><strong>verberibus</strong></span> 
     </span>
     <span class='ocr_line' id='line_1_23' title="bbox 397 2341 1343 2425; baseline 0.002 -22"><span class='ocrx_word' id='word_1_127' title='bbox 397 2348 542 2421; x_wconf 89' lang='lat' dir='ltr'><strong>peccata</strong></span> <span class='ocrx_word' id='word_1_128' title='bbox 564 2361 703 2406; x_wconf 87' lang='lat' dir='ltr'><strong>eorum:</strong></span> <span class='ocrx_word' id='word_1_129' title='bbox 727 2350 881 2425; x_wconf 86' lang='lat' dir='ltr'><strong>paternae</strong></span> <span class='ocrx_word' id='word_1_130' title='bbox 906 2349 1023 2406; x_wconf 86' lang='lat' dir='ltr'><strong>tamen</strong></span> <span class='ocrx_word' id='word_1_131' title='bbox 1043 2359 1253 2405; x_wconf 78' lang='lat' dir='ltr'><strong>conservans</strong></span> <span class='ocrx_word' id='word_1_132' title='bbox 1271 2341 1343 2405; x_wconf 87' lang='lat' dir='ltr'><strong>vis·</strong></span> 
     </span>
    </p>
   </div>
   <div class='ocr_carea' id='block_1_8' title="bbox 340 2440 1343 2523">
    <p class='ocr_par' dir='ltr' id='par_1_8' title="bbox 340 2440 1343 2523">
     <span class='ocr_line' id='line_1_24' title="bbox 340 2440 1343 2523; baseline 0.002 -20"><span class='ocrx_word' id='word_1_133' title='bbox 340 2465 345 2473; x_wconf 93' lang='lat'>·</span> <span class='ocrx_word' id='word_1_134' title='bbox 397 2459 477 2504; x_wconf 85' lang='lat' dir='ltr'><strong>cera</strong></span> <span class='ocrx_word' id='word_1_135' title='bbox 508 2441 661 2523; x_wconf 75' lang='lat' dir='ltr'><strong>pietatiS,</strong></span> <span class='ocrx_word' id='word_1_136' title='bbox 690 2441 733 2506; x_wconf 89' lang='lat' dir='ltr'><strong>de</strong></span> <span class='ocrx_word' id='word_1_137' title='bbox 764 2461 829 2505; x_wconf 91' lang='lat' dir='ltr'><strong>sua</strong></span> <span class='ocrx_word' id='word_1_138' title='bbox 862 2441 1073 2507; x_wconf 85' lang='lat' dir='ltr'><strong>confidentes</strong></span> <span class='ocrx_word' id='word_1_139' title='bbox 1107 2440 1343 2505; x_wconf 86' lang='lat' dir='ltr'><strong>misericordia</strong></span> 
     </span>
    </p>
   </div>
   <div class='ocr_carea' id='block_1_9' title="bbox 393 2540 1344 4324">
    <p class='ocr_par' dir='ltr' id='par_1_9' title="bbox 393 2540 1344 4324">
     <span class='ocr_line' id='line_1_25' title="bbox 398 2540 1342 2624; baseline 0.003 -23"><span class='ocrx_word' id='word_1_140' title='bbox 398 2559 467 2602; x_wconf 90' lang='grc'><strong>666</strong></span> <span class='ocrx_word' id='word_1_141' title='bbox 484 2540 658 2624; x_wconf 89' lang='lat' dir='ltr'><strong>relinquit.</strong></span> <span class='ocrx_word' id='word_1_142' title='bbox 711 2542 782 2605; x_wconf 91' lang='lat' dir='ltr'><strong>Diu</strong></span> <span class='ocrx_word' id='word_1_143' title='bbox 805 2541 985 2624; x_wconf 89' lang='lat' dir='ltr'><strong>siquidem,</strong></span> <span class='ocrx_word' id='word_1_144' title='bbox 999 2541 1151 2624; x_wconf 87' lang='lat' dir='ltr'><strong>peccatis</strong></span> <span class='ocrx_word' id='word_1_145' title='bbox 1170 2541 1342 2622; x_wconf 86' lang='lat' dir='ltr'><strong>exigenti-</strong></span> 
     </span>
     <span class='ocr_line' id='line_1_26' title="bbox 398 2639 1342 2722; baseline 0.003 -22"><span class='ocrx_word' id='word_1_146' title='bbox 398 2639 474 2714; x_wconf 91' lang='lat' dir='ltr'><strong>bus,</strong></span> <span class='ocrx_word' id='word_1_147' title='bbox 500 2659 563 2721; x_wconf 87' lang='lat' dir='ltr'><strong>per</strong></span> <span class='ocrx_word' id='word_1_148' title='bbox 582 2640 668 2704; x_wconf 93' lang='lat' dir='ltr'><strong>illud</strong></span> <span class='ocrx_word' id='word_1_149' title='bbox 683 2641 954 2705; x_wconf 71' lang='lat' dir='ltr'><strong>&#39;santonicorum</strong></span> <span class='ocrx_word' id='word_1_150' title='bbox 979 2640 1071 2722; x_wconf 80' lang='lat' dir='ltr'><strong>regis</strong></span> <span class='ocrx_word' id='word_1_151' title='bbox 1094 2639 1237 2717; x_wconf 89' lang='lat' dir='ltr'><strong>idolum,</strong></span> <span class='ocrx_word' id='word_1_152' title='bbox 1251 2640 1342 2703; x_wconf 91' lang='lat' dir='ltr'><strong>Bur·</strong></span> 
     </span>
     <span class='ocr_line' id='line_1_27' title="bbox 398 2738 1341 2820; baseline 0.002 -20"><span class='ocrx_word' id='word_1_153' title='bbox 398 2738 516 2800; x_wconf 89' lang='lat' dir='ltr'><strong>dinum</strong></span> <span class='ocrx_word' id='word_1_154' title='bbox 529 2738 702 2816; x_wconf 83' lang='lat' dir='ltr'><strong>videlicet,</strong></span> <span class='ocrx_word' id='word_1_155' title='bbox 715 2739 834 2804; x_wconf 90' lang='lat' dir='ltr'><strong>fideles</strong></span> <span class='ocrx_word' id='word_1_156' title='bbox 851 2741 1005 2806; x_wconf 86' lang='lat' dir='ltr'><strong>eeclesiae</strong></span> <span class='ocrx_word' id='word_1_157' title='bbox 1022 2740 1220 2804; x_wconf 88' lang='lat' dir='ltr'><strong>conturbati</strong></span> <span class='ocrx_word' id='word_1_158' title='bbox 1236 2746 1341 2820; x_wconf 88' lang='lat' dir='ltr'><strong>sunt;</strong></span> 
     </span>
     <span class='ocr_line' id='line_1_28' title="bbox 398 2837 1340 2923; baseline 0.004 -25"><span class='ocrx_word' id='word_1_159' title='bbox 398 2837 505 2900; x_wconf 89' lang='lat' dir='ltr'><strong>etalii</strong></span> <span class='ocrx_word' id='word_1_160' title='bbox 522 2838 658 2920; x_wconf 91' lang='lat' dir='ltr'><strong>quidem</strong></span> <span class='ocrx_word' id='word_1_161' title='bbox 682 2840 787 2921; x_wconf 89' lang='lat' dir='ltr'><strong>capti,</strong></span> <span class='ocrx_word' id='word_1_162' title='bbox 801 2839 861 2903; x_wconf 87' lang='lat' dir='ltr'><strong>alii</strong></span> <span class='ocrx_word' id='word_1_163' title='bbox 877 2860 988 2923; x_wconf 90' lang='lat' dir='ltr'><strong>usque</strong></span> <span class='ocrx_word' id='word_1_164' title='bbox 1003 2840 1048 2904; x_wconf 91' lang='lat' dir='ltr'><strong>ad</strong></span> <span class='ocrx_word' id='word_1_165' title='bbox 1067 2846 1212 2904; x_wconf 87' lang='lat' dir='ltr'><strong>mortem</strong></span> <span class='ocrx_word' id='word_1_166' title='bbox 1226 2858 1340 2902; x_wconf 89' lang='lat' dir='ltr'><strong>carce-</strong></span> 
     </span>
     <span class='ocr_line' id='line_1_29' title="bbox 398 2937 1343 3023; baseline 0.004 -25"><span class='ocrx_word' id='word_1_167' title='bbox 398 2937 445 2999; x_wconf 87' lang='lat' dir='ltr'><strong>ris</strong></span> <span class='ocrx_word' id='word_1_168' title='bbox 459 2938 690 3002; x_wconf 86' lang='lat' dir='ltr'><strong>maceratione</strong></span> <span class='ocrx_word' id='word_1_169' title='bbox 703 2937 821 3004; x_wconf 89' lang='lat' dir='ltr'><strong>afflicti</strong></span> <span class='ocrx_word' id='word_1_170' title='bbox 835 2947 928 3005; x_wconf 90' lang='lat' dir='ltr'><strong>sunt.</strong></span> <span class='ocrx_word' id='word_1_171' title='bbox 967 2940 1091 3023; x_wconf 88' lang='lat' dir='ltr'><strong>Nuper</strong></span> <span class='ocrx_word' id='word_1_172' title='bbox 1105 2947 1233 3016; x_wconf 88' lang='lat' dir='ltr'><strong>autem,</strong></span> <span class='ocrx_word' id='word_1_173' title='bbox 1243 2938 1343 3003; x_wconf 85' lang='lat' dir='ltr'><strong>festis</strong></span> 
     </span>
     <span class='ocr_line' id='line_1_30' title="bbox 399 3036 1343 3123; baseline 0.004 -24"><span class='ocrx_word' id='word_1_174' title='bbox 399 3036 625 3102; x_wconf 88' lang='lat' dir='ltr'><strong>Pascbalibus</strong></span> <span class='ocrx_word' id='word_1_175' title='bbox 640 3038 834 3117; x_wconf 84' lang='lat' dir='ltr'><strong>celebratis,</strong></span> <span class='ocrx_word' id='word_1_176' title='bbox 847 3059 925 3104; x_wconf 89' lang='lat' dir='ltr'><strong>cum</strong></span> <span class='ocrx_word' id='word_1_177' title='bbox 940 3040 1199 3123; x_wconf 84' lang='lat' dir='ltr'><strong>peregrinorum</strong></span> <span class='ocrx_word' id='word_1_178' title='bbox 1214 3045 1249 3103; x_wconf 91' lang='lat' dir='ltr'><strong>et</strong></span> <span class='ocrx_word' id='word_1_179' title='bbox 1259 3058 1343 3122; x_wconf 89' lang='lat' dir='ltr'><strong>pau·</strong></span> 
     </span>
     <span class='ocr_line' id='line_1_31' title="bbox 397 3139 1343 3222; baseline 0.001 -21"><span class='ocrx_word' id='word_1_180' title='bbox 397 3157 518 3220; x_wconf 91' lang='lat' dir='ltr'><strong>perum</strong></span> <span class='ocrx_word' id='word_1_181' title='bbox 530 3139 699 3203; x_wconf 88' lang='lat' dir='ltr'><strong>clamores</strong></span> <span class='ocrx_word' id='word_1_182' title='bbox 712 3139 800 3204; x_wconf 81' lang='lat' dir='ltr'><strong>ferre</strong></span> <span class='ocrx_word' id='word_1_183' title='bbox 815 3139 954 3222; x_wconf 88' lang='lat' dir='ltr'><strong>penitus</strong></span> <span class='ocrx_word' id='word_1_184' title='bbox 971 3161 1041 3204; x_wconf 89' lang='lat' dir='ltr'><strong>non</strong></span> <span class='ocrx_word' id='word_1_185' title='bbox 1058 3157 1250 3221; x_wconf 88' lang='lat' dir='ltr'><strong>possemus,</strong></span> <span class='ocrx_word' id='word_1_186' title='bbox 1264 3158 1343 3202; x_wconf 86' lang='lat' dir='ltr'><strong>cum</strong></span> 
     </span>
     <span class='ocr_line' id='line_1_32' title="bbox 398 3238 1344 3322; baseline 0 -20"><span class='ocrx_word' id='word_1_187' title='bbox 398 3239 553 3303; x_wconf 85' lang='lat' dir='ltr'><strong>ecclesiae</strong></span> <span class='ocrx_word' id='word_1_188' title='bbox 568 3238 727 3304; x_wconf 89' lang='lat' dir='ltr'><strong>fidelibus</strong></span> <span class='ocrx_word' id='word_1_189' title='bbox 739 3242 783 3304; x_wconf 90' lang='lat' dir='ltr'><strong>ab</strong></span> <span class='ocrx_word' id='word_1_190' title='bbox 796 3241 880 3305; x_wconf 88' lang='lat' dir='ltr'><strong>urbe</strong></span> <span class='ocrx_word' id='word_1_191' title='bbox 894 3239 1041 3322; x_wconf 84' lang='lat' dir='ltr'><strong>digressi</strong></span> <span class='ocrx_word' id='word_1_192' title='bbox 1058 3259 1189 3317; x_wconf 82' lang='lat' dir='ltr'><strong>samue,</strong></span> <span class='ocrx_word' id='word_1_193' title='bbox 1204 3246 1240 3303; x_wconf 88' lang='lat' dir='ltr'><strong>et</strong></span> <span class='ocrx_word' id='word_1_194' title='bbox 1255 3246 1344 3303; x_wconf 89' lang='lat' dir='ltr'><strong>tam-</strong></span> 
     </span>
     <span class='ocr_line' id='line_1_33' title="bbox 397 3337 1342 3422; baseline 0.002 -22"><span class='ocrx_word' id='word_1_195' title='bbox 397 3337 455 3402; x_wconf 91' lang='lat' dir='ltr'><strong>diu</strong></span> <span class='ocrx_word' id='word_1_196' title='bbox 474 3338 628 3403; x_wconf 89' lang='lat' dir='ltr'><strong>Sutrium</strong></span> <span class='ocrx_word' id='word_1_197' title='bbox 645 3340 853 3418; x_wconf 87' lang='lat' dir='ltr'><strong>obsedimus,</strong></span> <span class='ocrx_word' id='word_1_198' title='bbox 869 3339 977 3404; x_wconf 90' lang='lat' dir='ltr'><strong>donec</strong></span> <span class='ocrx_word' id='word_1_199' title='bbox 993 3339 1112 3404; x_wconf 82' lang='lat' dir='ltr'><strong>divina</strong></span> <span class='ocrx_word' id='word_1_200' title='bbox 1133 3339 1290 3422; x_wconf 84' lang='lat' dir='ltr'><strong>potentia</strong></span> <span class='ocrx_word' id='word_1_201' title='bbox 1306 3345 1342 3402; x_wconf 91' lang='lat' dir='ltr'><strong>et</strong></span> 
     </span>
     <span class='ocr_line' id='line_1_34' title="bbox 397 3427 1342 3525; baseline 0.002 -25"><span class='ocrx_word' id='word_1_202' title='bbox 397 3439 631 3520; x_wconf 88' lang='lat' dir='ltr'><strong>supradictum</strong></span> <span class='ocrx_word' id='word_1_203' title='bbox 655 3439 1007 3504; x_wconf 85' lang='lat' dir='ltr'><strong>ecclesiee&#39;inimieum</strong></span> <span class='ocrx_word' id='word_1_204' title='bbox 1036 3427 1240 3517; x_wconf 84' lang='lat' dir='ltr'><strong>Burdinuin,</strong></span> <span class='ocrx_word' id='word_1_205' title='bbox 1264 3438 1342 3525; x_wconf 90' lang='lat' dir='ltr'><strong>(qui</strong></span> 
     </span>
     <span class='ocr_line' id='line_1_35' title="bbox 397 3536 1343 3624; baseline 0.002 -25"><span class='ocrx_word' id='word_1_206' title='bbox 397 3537 533 3602; x_wconf 90' lang='lat' dir='ltr'><strong>diabolo</strong></span> <span class='ocrx_word' id='word_1_207' title='bbox 559 3539 677 3602; x_wconf 89' lang='lat' dir='ltr'><strong>nidum</strong></span> <span class='ocrx_word' id='word_1_208' title='bbox 702 3540 829 3605; x_wconf 90' lang='lat' dir='ltr'><strong>ibidem</strong></span> <span class='ocrx_word' id='word_1_209' title='bbox 850 3536 1010 3624; x_wconf 68' lang='lat' dir='ltr'><strong>fecerat)</strong></span> <span class='ocrx_word' id='word_1_210' title='bbox 1031 3546 1067 3604; x_wconf 91' lang='lat' dir='ltr'><strong>et</strong></span> <span class='ocrx_word' id='word_1_211' title='bbox 1081 3540 1195 3605; x_wconf 92' lang='lat' dir='ltr'><strong>locum</strong></span> <span class='ocrx_word' id='word_1_212' title='bbox 1216 3539 1343 3622; x_wconf 91' lang='lat' dir='ltr'><strong>ipsum,</strong></span> 
     </span>
     <span class='ocr_line' id='line_1_36' title="bbox 397 3636 1342 3723; baseline 0.005 -26"><span class='ocrx_word' id='word_1_213' title='bbox 397 3636 537 3700; x_wconf 90' lang='lat' dir='ltr'><strong>omnino</strong></span> <span class='ocrx_word' id='word_1_214' title='bbox 558 3637 594 3700; x_wconf 91' lang='lat' dir='ltr'><strong>in</strong></span> <span class='ocrx_word' id='word_1_215' title='bbox 617 3645 771 3704; x_wconf 86' lang='lat' dir='ltr'><strong>nostram</strong></span> <span class='ocrx_word' id='word_1_216' title='bbox 787 3639 930 3704; x_wconf 87' lang='lat' dir='ltr'><strong>tradidit</strong></span> <span class='ocrx_word' id='word_1_217' title='bbox 948 3646 1168 3723; x_wconf 87' lang='lat' dir='ltr'><strong>potestatem.</strong></span> <span class='ocrx_word' id='word_1_218' title='bbox 1222 3639 1342 3720; x_wconf 84' lang='lat' dir='ltr'><strong>Roga·</strong></span> 
     </span>
     <span class='ocr_line' id='line_1_37' title="bbox 397 3736 1340 3822; baseline 0.004 -24"><span class='ocrx_word' id='word_1_219' title='bbox 397 3755 473 3799; x_wconf 91' lang='lat' dir='ltr'><strong>mus</strong></span> <span class='ocrx_word' id='word_1_220' title='bbox 490 3736 609 3819; x_wconf 89' lang='lat' dir='ltr'><strong>itaque</strong></span> <span class='ocrx_word' id='word_1_221' title='bbox 630 3738 835 3804; x_wconf 84' lang='lat' dir='ltr'><strong>charitatem</strong></span> <span class='ocrx_word' id='word_1_222' title='bbox 850 3747 1001 3805; x_wconf 86' lang='lat' dir='ltr'><strong>vestram</strong></span> <span class='ocrx_word' id='word_1_223' title='bbox 1022 3746 1063 3803; x_wconf 91' lang='lat' dir='ltr'><strong>ut</strong></span> <span class='ocrx_word' id='word_1_224' title='bbox 1077 3759 1140 3822; x_wconf 91' lang='lat' dir='ltr'><strong>pro</strong></span> <span class='ocrx_word' id='word_1_225' title='bbox 1157 3739 1265 3803; x_wconf 85' lang='lat' dir='ltr'><strong>tentis</strong></span> <span class='ocrx_word' id='word_1_226' title='bbox 1281 3739 1340 3802; x_wconf 88' lang='lat' dir='ltr'><strong>be·</strong></span> 
     </span>
     <span class='ocr_line' id='line_1_38' title="bbox 397 3835 1341 3922; baseline 0.004 -24"><span class='ocrx_word' id='word_1_227' title='bbox 397 3835 528 3900; x_wconf 87' lang='lat' dir='ltr'><strong>neficiis</strong></span> <span class='ocrx_word' id='word_1_228' title='bbox 549 3857 620 3902; x_wconf 88' lang='lat' dir='ltr'><strong>una</strong></span> <span class='ocrx_word' id='word_1_229' title='bbox 639 3838 816 3904; x_wconf 91' lang='lat' dir='ltr'><strong>nobiscum</strong></span> <span class='ocrx_word' id='word_1_230' title='bbox 841 3839 933 3922; x_wconf 80' lang='lat' dir='ltr'><strong>Regi</strong></span> <span class='ocrx_word' id='word_1_231' title='bbox 956 3857 1077 3922; x_wconf 85' lang='lat' dir='ltr'><strong>regum</strong></span> <span class='ocrx_word' id='word_1_232' title='bbox 1096 3839 1230 3921; x_wconf 85' lang='lat' dir='ltr'><strong>gratias</strong></span> <span class='ocrx_word' id='word_1_233' title='bbox 1254 3837 1341 3902; x_wconf 88' lang='lat' dir='ltr'><strong>refe-</strong></span> 
     </span>
     <span class='ocr_line' id='line_1_39' title="bbox 396 3937 1340 4014; baseline 0.001 -15"><span class='ocrx_word' id='word_1_234' title='bbox 396 3937 494 4014; x_wconf 90' lang='lat' dir='ltr'><strong>ratis,</strong></span> <span class='ocrx_word' id='word_1_235' title='bbox 510 3945 546 4001; x_wconf 84' lang='grc'><strong>66</strong></span> <span class='ocrx_word' id='word_1_236' title='bbox 562 3937 598 4001; x_wconf 92' lang='lat' dir='ltr'><strong>in</strong></span> <span class='ocrx_word' id='word_1_237' title='bbox 619 3938 798 4004; x_wconf 86' lang='lat' dir='ltr'><strong>catholicae</strong></span> <span class='ocrx_word' id='word_1_238' title='bbox 818 3939 972 4004; x_wconf 86' lang='lat' dir='ltr'><strong>ecelesiae</strong></span> <span class='ocrx_word' id='word_1_239' title='bbox 995 3939 1192 4003; x_wconf 87' lang='lat' dir='ltr'><strong>obedientia</strong></span> <span class='ocrx_word' id='word_1_240' title='bbox 1210 3944 1246 4002; x_wconf 88' lang='lat' dir='ltr'><strong>et</strong></span> <span class='ocrx_word' id='word_1_241' title='bbox 1268 3958 1340 4002; x_wconf 85' lang='lat' dir='ltr'><strong>ser·</strong></span> 
     </span>
     <span class='ocr_line' id='line_1_40' title="bbox 394 4036 1342 4116; baseline 0.003 -17"><span class='ocrx_word' id='word_1_242' title='bbox 394 4036 480 4102; x_wconf 87' lang='lat' dir='ltr'><strong>vitio</strong></span> <span class='ocrx_word' id='word_1_243' title='bbox 503 4039 780 4102; x_wconf 89' lang='lat' dir='ltr'><strong>constantissime</strong></span> <span class='ocrx_word' id='word_1_244' title='bbox 803 4040 984 4116; x_wconf 67' lang='lat' dir='ltr'><strong>maneatis</strong></span> <span class='ocrx_word' id='word_1_245' title='bbox 1002 4039 1260 4104; x_wconf 88' lang='lat' dir='ltr'><strong>retributionem</strong></span> <span class='ocrx_word' id='word_1_246' title='bbox 1283 4038 1342 4102; x_wconf 88' lang='lat' dir='ltr'><strong>de·</strong></span> 
     </span>
     <span class='ocr_line' id='line_1_41' title="bbox 393 4136 1342 4221; baseline 0.002 -22"><span class='ocrx_word' id='word_1_247' title='bbox 393 4136 500 4200; x_wconf 84' lang='lat' dir='ltr'><strong>bitem</strong></span> <span class='ocrx_word' id='word_1_248' title='bbox 523 4139 559 4200; x_wconf 95' lang='lat' dir='ltr'><strong>in</strong></span> <span class='ocrx_word' id='word_1_249' title='bbox 581 4140 744 4221; x_wconf 86' lang='lat' dir='ltr'><strong>praesenti</strong></span> <span class='ocrx_word' id='word_1_250' title='bbox 767 4147 802 4203; x_wconf 91' lang='lat' dir='ltr'><strong>et</strong></span> <span class='ocrx_word' id='word_1_251' title='bbox 824 4139 940 4204; x_wconf 85' lang='lat' dir='ltr'><strong>sutura</strong></span> <span class='ocrx_word' id='word_1_252' title='bbox 958 4141 1001 4203; x_wconf 89' lang='lat' dir='ltr'><strong>ab</strong></span> <span class='ocrx_word' id='word_1_253' title='bbox 1018 4140 1253 4221; x_wconf 88' lang='lat' dir='ltr'><strong>omnipotente</strong></span> <span class='ocrx_word' id='word_1_254' title='bbox 1269 4139 1342 4202; x_wconf 90' lang='lat' dir='ltr'><strong>Do-</strong></span> 
     </span>
     <span class='ocr_line' id='line_1_42' title="bbox 393 4237 1340 4324; baseline 0.003 -27"><span class='ocrx_word' id='word_1_255' title='bbox 393 4237 487 4302; x_wconf 91' lang='lat' dir='ltr'><strong>mino</strong></span> <span class='ocrx_word' id='word_1_256' title='bbox 515 4257 578 4319; x_wconf 91' lang='lat' dir='ltr'><strong>per</strong></span> <span class='ocrx_word' id='word_1_257' title='bbox 607 4239 683 4322; x_wconf 88' lang='lat' dir='ltr'><strong>ejus</strong></span> <span class='ocrx_word' id='word_1_258' title='bbox 721 4239 868 4324; x_wconf 84' lang='lat' dir='ltr'><strong>gratiam</strong></span> <span class='ocrx_word' id='word_1_259' title='bbox 907 4239 1089 4323; x_wconf 89' lang='lat' dir='ltr'><strong>recepturi.</strong></span> <span class='ocrx_word' id='word_1_260' title='bbox 1160 4238 1340 4320; x_wconf 77' lang='lat' dir='ltr'><strong>Rogamus</strong></span> 
     </span>
    </p>
   </div>
   <div class='ocr_carea' id='block_1_10' title="bbox 0 0 1580 4970">
    <p class='ocr_par' dir='ltr' id='par_1_10' title="bbox 0 0 1580 4970">
     <span class='ocr_line' id='line_1_43' title="bbox 0 0 1580 4970; baseline 0 0"><span class='ocrx_word' id='word_1_261' title='bbox 0 0 1580 4970; x_wconf 95' lang='lat' dir='ltr'><strong> </strong></span> 
     </span>
    </p>
   </div>
  </div>
 </body>
</html>
