3152 4970
384 483 451 548 718
673 498 847 548 nisuonnt
870 497 1049 548 Novanus.
1191 485 1278 566 [nin.
1298 500 1341 546 ιι.

385 657 513 741 praesul
537 655 707 746 dictabat)
731 656 776 721 ad
799 663 1052 732 ornamentum,
1066 655 1127 720 sed
1143 654 1201 744 (ut
1223 675 1261 721 se
1286 656 1338 720 rei

385 758 516 822 veritas
543 753 670 842 babet)
696 757 741 820 ad
765 755 920 821 ecclesias
949 756 1205 832 detrimentum,
1229 756 1338 820 aedifi-

386 863 514 930 catum.
566 855 611 920 In
632 857 710 940 ipsa
732 856 931 920 obsessione
949 854 1095 920 castella
1127 855 1337 932 Salesbiriae,

387 953 909 1033 Scireshurniae,ll1almesbiriae
932 954 1007 1038 regi
1032 953 1136 1020 data:
1159 954 1246 1037 ipsse
1271 953 1337 1018 Di-

387 1055 473 1119 visae
499 1063 580 1138 post
601 1054 753 1120 triduum
777 1053 934 1131 redditae,
948 1073 1026 1119 cum
1052 1055 1119 1118 sihi
1140 1054 1336 1118 ultroneum

383 1154 556 1240 jejunium
581 1153 764 1238 episcopus
790 1153 987 1231 indixisset,
1012 1160 1053 1218 ut
1082 1153 1148 1218 hac
1173 1155 1338 1236 angustia

389 1273 454 1318 sua
464 1247 473 1286 ¹
483 1254 634 1320 animum
651 1253 805 1337 episcopi
819 1252 981 1330 Eliensis',
996 1253 1056 1335 qui
1070 1273 1131 1318 eas
1146 1273 1340 1337 occupare

389 1361 456 1430 rat,
474 1353 639 1418 flecteret.
692 1353 727 1418 N
729 1373 768 1418 ec
782 1345 998 1418 ²Alexander
1009 1353 1192 1436 episcopus
1207 1352 1336 1417 Lindo-

389 1452 551 1517 coliensis
566 1451 774 1518 obstinatius
796 1453 880 1536 egit,
895 1449 1086 1516 redditione
1097 1446 1337 1517 ³castellorum

391 1550 533 1615 Niwerh
549 1558 585 1615 et
599 1551 768 1616 Esletlord
780 1552 1018 1616 liberationem
1033 1560 1216 1617 mercatus.

441 1650 530 1733 521.
554 1649 634 1714 Hoc
649 1650 742 1732 regis
757 1651 887 1716 factum
909 1651 945 1715 in
967 1651 1123 1716 diversas
1145 1651 1337 1715 sententias

333 1729 361 1758 ⁰¹¹
390 1749 497 1814 solvit
509 1768 572 1813 ora
586 1749 783 1814 multorum.
837 1749 988 1829 Quidam
999 1751 1160 1815 dicebant
1169 1749 1250 1834 jure
1261 1751 1338 1815 cas'·

390 1848 483 1914 tellis
497 1849 668 1914 alienatos
683 1851 864 1934 episcopos
881 1850 1004 1927 videri,
1018 1869 1097 1932 quae
1109 1858 1236 1933 praeter
1249 1850 1338 1914 scita

390 1967 563 2013 canonum
590 1948 841 2014 aedificassent:
874 1949 953 2014 illos
977 1950 1210 2032 evangelistas
1241 1951 1338 2033 pacis

391 2067 467 2112 esse
485 2048 623 2126 debere,
638 2068 708 2113 non
729 2048 937 2113 architectos
958 2048 1138 2114 domorum
1156 2069 1235 2132 quae
1256 2067 1339 2114 auc-

392 2149 525 2214 toribus
541 2147 700 2214 maleficii
719 2146 833 2214 forent
846 2147 1027 2230 refugium.
1080 2149 1170 2213 Haec
1194 2149 1341 2232 amplio-

392 2248 487 2312 ribus
510 2247 701 2312 rationihus
719 2255 757 2312 et
773 2247 985 2313 sermonibus
1008 2250 1135 2330 agebat
1149 2248 1259 2331 Hugo
1283 2268 1340 2312 ar-

392 2346 632 2430 chiepiscopus
655 2347 880 2429 Rothomagi,
905 2355 1074 2431 quantum
1095 2348 1157 2413 illa
1175 2347 1341 2414 facundia

392 2453 532 2530 poterat
544 2447 717 2510 maximus
727 2448 819 2530 regis
831 2454 1081 2530 propugnator.
1128 2446 1342 2525 Aliicontra,
1375 2483 1377 2487 ·

393 2565 539 2628 quorum
567 2547 724 2628 partibus
757 2546 942 2612 assistebat
969 2546 1144 2612 Henricus
1167 2546 1342 2613 Wintoni·

395 2645 489 2709 ensis
513 2646 709 2729 episcopus,
726 2646 825 2710 'sedis
851 2647 1051 2729 apostolicae
1079 2647 1116 2710 in
1138 2645 1271 2729 Anglia
1291 2647 1341 2710 le-

395 2749 513 2826 gatus,
528 2742 636 2807 frater
654 2745 745 2826 regis
766 2743 947 2828 Stephani,
959 2753 1001 2810 ut
1019 2753 1100 2810 ante
1121 2746 1216 2826 dixl;
1239 2765 1341 2830 quem

396 2861 460 2907 nec
484 2841 640 2907 fraterna
665 2845 895 2923 necessitudo,
920 2865 984 2909 nec
1007 2845 1152 2929 periculi
1174 2851 1298 2923 metus,
1321 2865 1344 2910 a

396 2962 479 3006 vero
494 2935 595 3008 ⁴tunc
619 2944 815 3008 exorbitare
841 2945 998 3026 cogebat.
1050 2944 1108 3009 Sic
1126 2965 1230 3028 porro
1251 2945 1343 3009 dice·

396 3043 477 3107 bat:
512 3041 570 3106 ‘Si
602 3042 755 3127 episcopi
783 3043 957 3108 tramitem
979 3043 1128 3129 justitiae
1156 3045 1194 3108 in
1225 3045 1343 3127 aliquo

396 3142 731 3225 transgrederentur,
756 3163 826 3206 non
852 3162 928 3208 esse
953 3145 1058 3226 regis,
1087 3145 1148 3208 sed
1172 3163 1343 3209 canonum

391 3241 583 3324 judicium3
614 3243 689 3308 sine
716 3242 855 3326 publico
880 3249 916 3307 et
942 3242 1177 3308 ecclesiastico
1198 3244 1344 3308 concilio

397 3342 476 3406 illos
490 3341 586 3405 nulla
601 3342 818 3424 possessione
833 3342 961 3424 privari
974 3342 1152 3408 debuisse:
1176 3363 1293 3425 regem
1309 3343 1344 3407 id

398 3460 467 3504 non
482 3435 716 3506 ⁵rectitudinis
730 3441 817 3519 zelo,
832 3441 892 3505 sed
917 3443 1087 3506 commodi
1108 3443 1162 3507 sui
1184 3462 1345 3526 compen-

396 3539 454 3602 dio
466 3539 609 3620 fecisse;
633 3539 692 3622 qui
706 3541 851 3605 castella
872 3559 941 3604 non
961 3543 1126 3622 ecclesiis,
1139 3562 1185 3606 ex
1198 3562 1346 3625 quarum

432 3782 590 3858 ¹Aaimam.]
606 3790 655 3853 E.;
668 3789 861 3852 animositatem,
920 3785 1104 3852 'Abouaded
1128 3789 1160 3840 E.
1168 3803 1178 3849 3
1200 3789 1303 3839 omitted
1321 3790 1349 3838 in

398 3859 428 3910 S.
439 3859 474 3908 D.
487 3859 646 3910 na.-un0
661 3859 753 3908 author
771 3860 801 3908 oi
816 3859 859 3908 the
885 3858 915 3910 S.
927 3860 961 3909 D.
975 3859 1030 3909 lah.

396 3929 479 3979 Gesta
499 3929 622 3991 Stephani
639 3933 718 3979 states
739 3929 797 3978 that
816 3929 859 3978 the
918 3926 1102 3979 ⁸Castalio-tua
1113 3927 1218 3977 Niwerlt
1233 3933 1258 3978 et
1269 3929 1350 3989 Edes-

395 3999 459 4061 king
474 3999 580 4048 ordered
597 4000 658 4048 both
674 3999 778 4061 bishops
789 4003 815 4048 to
826 3999 858 4048 be
876 3995 960 4068 sord]
979 4001 1028 4060 E.;
1045 3998 1154 4060 castelli,
1165 3998 1195 4048 S.
1207 3999 1243 4048 D.
1256 3998 1311 4049 Μ.

395 4068 458 4131 kept
465 4069 573 4118 without
583 4068 652 4119 food.
669 4069 789 4120 Onewas
799 4081 858 4116 con·
918 4066 929 4100 ⁴
942 4063 1032 4137 Tuae]
1051 4069 1102 4129 E.;
1118 4068 1223 4118 omitted
1233 4069 1260 4117 in
1272 4069 1301 4120 S.
1311 4069 1345 4118 D.

394 4139 461 4187 tined
476 4140 503 4187 in
518 4139 562 4188 the
577 4140 631 4188 crib
641 4139 670 4188 of
684 4153 717 4188 an
727 4139 857 4200 ox-lodge‚
883 4138 938 4188 La.

393 4208 436 4258 the
446 4209 518 4258 other
532 4209 558 4257 in
574 4223 591 4258 a
609 4209 692 4258 horel.
711 4207 790 4273 (Flor.
803 4208 856 4256 wi·
916 4205 1106 4257 ⁵Rectitudiaia
1127 4201 1201 4276 zelo]
1221 4208 1253 4258 E.
1271 4209 1345 4270 1123

393 4292 463 4338 gom.
475 4279 574 4328 Contin.
585 4279 656 4329 Am.
669 4275 755 4344 11³8.)
881 4293 913 4328 ex
925 4278 1085 4328 rectitudinis
1097 4277 1162 4340 zelo,
1173 4276 1201 4328 S.
1214 4277 1250 4328 D.
