<?xml version="1.0" encoding="UTF-8"?>
<!DOCTYPE html PUBLIC "-//W3C//DTD XHTML 1.0 Transitional//EN"
    "http://www.w3.org/TR/xhtml1/DTD/xhtml1-transitional.dtd">
<html xmlns="http://www.w3.org/1999/xhtml" xml:lang="en" lang="en">
 <head>
  <title>
</title>
<meta http-equiv="Content-Type" content="text/html;charset=utf-8" />
  <meta name='ocr-system' content='tesseract 3.04.00' />
  <meta name='ocr-capabilities' content='ocr_page ocr_carea ocr_par ocr_line ocrx_word'/>
</head>
<body>
  <div class='ocr_page' id='page_1' title='image "./willelmimalmesb00hardgoog_0169.png"; bbox 0 0 3148 4982; ppageno 0'>
   <div class='ocr_carea' id='block_1_1' title="bbox 244 502 1198 582">
    <p class='ocr_par' dir='ltr' id='par_1_1' title="bbox 244 502 1198 582">
     <span class='ocr_line' id='line_1_1' title="bbox 244 502 1198 582; baseline -0.002 -10"><span class='ocrx_word' id='word_1_1' title='bbox 244 521 318 573; x_wconf 74' lang='lat' dir='ltr'><strong>ara.</strong></span> <span class='ocrx_word' id='word_1_2' title='bbox 335 502 401 582; x_wconf 92' lang='lat' dir='ltr'><strong>1v.]</strong></span> <span class='ocrx_word' id='word_1_3' title='bbox 478 517 592 568; x_wconf 75' lang='lat' dir='ltr'><strong>essm</strong></span> <span class='ocrx_word' id='word_1_4' title='bbox 616 517 743 565; x_wconf 82' lang='lat' dir='ltr'><strong>nneuu</strong></span> <span class='ocrx_word' id='word_1_5' title='bbox 767 518 982 567; x_wconf 76' lang='lat' dir='ltr'><strong>auonoauu.</strong></span> <span class='ocrx_word' id='word_1_6' title='bbox 1133 505 1198 570; x_wconf 72' lang='lat'><strong>523</strong></span> 
     </span>
    </p>
   </div>
   <div class='ocr_carea' id='block_1_2' title="bbox 221 673 1202 3835">
    <p class='ocr_par' dir='ltr' id='par_1_2' title="bbox 221 673 1202 3835">
     <span class='ocr_line' id='line_1_2' title="bbox 248 673 1197 760; baseline 0.001 -20"><span class='ocrx_word' id='word_1_7' title='bbox 248 676 456 760; x_wconf 72' lang='lat' dir='ltr'><strong>praesidebat</strong></span> <span class='ocrx_word' id='word_1_8' title='bbox 472 674 664 755; x_wconf 89' lang='lat' dir='ltr'><strong>apostolico</strong></span> <span class='ocrx_word' id='word_1_9' title='bbox 679 673 832 750; x_wconf 89' lang='lat' dir='ltr'>culmini,</span> <span class='ocrx_word' id='word_1_10' title='bbox 846 676 960 738; x_wconf 84' lang='lat' dir='ltr'><strong>evasis</strong></span> <span class='ocrx_word' id='word_1_11' title='bbox 976 675 1125 758; x_wconf 86' lang='lat' dir='ltr'>Alpibus</span> <span class='ocrx_word' id='word_1_12' title='bbox 1137 698 1197 741; x_wconf 88' lang='lat' dir='ltr'><strong>ve·</strong></span> 
     </span>
     <span class='ocr_line' id='line_1_3' title="bbox 250 774 1196 858; baseline 0.002 -20"><span class='ocrx_word' id='word_1_13' title='bbox 250 776 302 840; x_wconf 90' lang='lat' dir='ltr'><strong>nit</strong></span> <span class='ocrx_word' id='word_1_14' title='bbox 325 777 362 839; x_wconf 91' lang='lat' dir='ltr'><strong>in</strong></span> <span class='ocrx_word' id='word_1_15' title='bbox 390 774 546 838; x_wconf 88' lang='lat' dir='ltr'><strong>Gallias:</strong></span> <span class='ocrx_word' id='word_1_16' title='bbox 581 774 753 837; x_wconf 90' lang='lat' dir='ltr'><strong>adventus</strong></span> <span class='ocrx_word' id='word_1_17' title='bbox 785 793 891 838; x_wconf 88' lang='lat' dir='ltr'><strong>causa</strong></span> <span class='ocrx_word' id='word_1_18' title='bbox 915 776 1090 840; x_wconf 84' lang='lat' dir='ltr'><strong>ferebatur</strong></span> <span class='ocrx_word' id='word_1_19' title='bbox 1117 796 1196 858; x_wconf 91' lang='lat' dir='ltr'><strong>per-</strong></span> 
     </span>
     <span class='ocr_line' id='line_1_4' title="bbox 250 870 1197 957; baseline 0.001 -19"><span class='ocrx_word' id='word_1_20' title='bbox 250 876 382 957; x_wconf 91' lang='lat' dir='ltr'><strong>spicua,</strong></span> <span class='ocrx_word' id='word_1_21' title='bbox 405 873 510 956; x_wconf 91' lang='lat' dir='ltr'><strong>quod,</strong></span> <span class='ocrx_word' id='word_1_22' title='bbox 525 872 690 937; x_wconf 88' lang='lat' dir='ltr'><strong>violentia</strong></span> <span class='ocrx_word' id='word_1_23' title='bbox 708 870 867 937; x_wconf 88' lang='lat' dir='ltr'><strong>Guiberti</strong></span> <span class='ocrx_word' id='word_1_24' title='bbox 885 873 1000 939; x_wconf 89' lang='lat' dir='ltr'><strong>Roma</strong></span> <span class='ocrx_word' id='word_1_25' title='bbox 1021 885 1197 954; x_wconf 87' lang='lat' dir='ltr'><strong>extrusus,</strong></span> 
     </span>
     <span class='ocr_line' id='line_1_5' title="bbox 249 972 1197 1041; baseline 0.001 -2"><span class='ocrx_word' id='word_1_26' title='bbox 249 976 522 1039; x_wconf 87' lang='lat' dir='ltr'><strong>citramontanas</strong></span> <span class='ocrx_word' id='word_1_27' title='bbox 535 972 579 1034; x_wconf 91' lang='lat' dir='ltr'><strong>ad</strong></span> <span class='ocrx_word' id='word_1_28' title='bbox 599 973 654 1036; x_wconf 92' lang='lat' dir='ltr'><strong>sui</strong></span> <span class='ocrx_word' id='word_1_29' title='bbox 671 975 899 1037; x_wconf 90' lang='lat' dir='ltr'><strong>reverentiam</strong></span> <span class='ocrx_word' id='word_1_30' title='bbox 923 975 1127 1041; x_wconf 87' lang='lat' dir='ltr'><strong>sollicitaret</strong></span> <span class='ocrx_word' id='word_1_31' title='bbox 1140 996 1197 1040; x_wconf 91' lang='lat' dir='ltr'><strong>ec·</strong></span> 
     </span>
     <span class='ocr_line' id='line_1_6' title="bbox 250 1071 1196 1154; baseline 0.004 -17"><span class='ocrx_word' id='word_1_32' title='bbox 250 1075 386 1138; x_wconf 77' lang='lat' dir='ltr'><strong>clasiae.</strong></span> <span class='ocrx_word' id='word_1_33' title='bbox 426 1072 521 1135; x_wconf 93' lang='lat' dir='ltr'><strong>Illud</strong></span> <span class='ocrx_word' id='word_1_34' title='bbox 537 1071 723 1154; x_wconf 81' lang='lat' dir='ltr'><strong>repositius</strong></span> <span class='ocrx_word' id='word_1_35' title='bbox 738 1073 953 1154; x_wconf 90' lang='lat' dir='ltr'><strong>propositum</strong></span> <span class='ocrx_word' id='word_1_36' title='bbox 969 1094 1038 1138; x_wconf 93' lang='lat' dir='ltr'><strong>non</strong></span> <span class='ocrx_word' id='word_1_37' title='bbox 1054 1077 1105 1140; x_wconf 91' lang='lat' dir='ltr'><strong>ita</strong></span> <span class='ocrx_word' id='word_1_38' title='bbox 1119 1076 1196 1140; x_wconf 91' lang='lat' dir='ltr'><strong>vul·</strong></span> 
     </span>
     <span class='ocr_line' id='line_1_7' title="bbox 250 1171 1196 1256; baseline 0.001 -18"><span class='ocrx_word' id='word_1_39' title='bbox 250 1175 412 1256; x_wconf 90' lang='lat' dir='ltr'><strong>gabatur,</strong></span> <span class='ocrx_word' id='word_1_40' title='bbox 429 1171 521 1254; x_wconf 93' lang='lat' dir='ltr'><strong>quod</strong></span> <span class='ocrx_word' id='word_1_41' title='bbox 537 1171 732 1235; x_wconf 90' lang='lat' dir='ltr'><strong>Boamundi</strong></span> <span class='ocrx_word' id='word_1_42' title='bbox 748 1173 891 1236; x_wconf 88' lang='lat' dir='ltr'><strong>consilio</strong></span> <span class='ocrx_word' id='word_1_43' title='bbox 905 1193 992 1255; x_wconf 91' lang='lat' dir='ltr'><strong>pene</strong></span> <span class='ocrx_word' id='word_1_44' title='bbox 1005 1183 1115 1239; x_wconf 88' lang='lat' dir='ltr'><strong>totam</strong></span> <span class='ocrx_word' id='word_1_45' title='bbox 1126 1175 1196 1239; x_wconf 89' lang='lat' dir='ltr'><strong>Eu·</strong></span> 
     </span>
     <span class='ocr_line' id='line_1_8' title="bbox 252 1270 1195 1356; baseline 0.003 -20"><span class='ocrx_word' id='word_1_46' title='bbox 252 1273 376 1356; x_wconf 74' lang='lat' dir='ltr'><strong>ropam&#39;</strong></span> <span class='ocrx_word' id='word_1_47' title='bbox 396 1274 433 1335; x_wconf 92' lang='lat' dir='ltr'><strong>in</strong></span> <span class='ocrx_word' id='word_1_48' title='bbox 456 1270 648 1336; x_wconf 81' lang='lat' dir='ltr'><strong>Asiaticam</strong></span> <span class='ocrx_word' id='word_1_49' title='bbox 668 1272 922 1353; x_wconf 84' lang='lat' dir='ltr'><strong>expeditionem</strong></span> <span class='ocrx_word' id='word_1_50' title='bbox 945 1282 1120 1355; x_wconf 88' lang='lat' dir='ltr'><strong>moveret;</strong></span> <span class='ocrx_word' id='word_1_51' title='bbox 1143 1283 1195 1352; x_wconf 92' lang='lat' dir='ltr'><strong>ut,</strong></span> 
     </span>
     <span class='ocr_line' id='line_1_9' title="bbox 251 1370 1196 1452; baseline 0.002 -16"><span class='ocrx_word' id='word_1_52' title='bbox 251 1374 287 1436; x_wconf 94' lang='lat' dir='ltr'><strong>in</strong></span> <span class='ocrx_word' id='word_1_53' title='bbox 319 1379 419 1438; x_wconf 88' lang='lat' dir='ltr'><strong>tanto</strong></span> <span class='ocrx_word' id='word_1_54' title='bbox 451 1370 601 1434; x_wconf 90' lang='lat' dir='ltr'><strong>tumultu</strong></span> <span class='ocrx_word' id='word_1_55' title='bbox 628 1371 781 1434; x_wconf 90' lang='lat' dir='ltr'><strong>omnium</strong></span> <span class='ocrx_word' id='word_1_56' title='bbox 810 1372 1065 1452; x_wconf 88' lang='lat' dir='ltr'><strong>provinciarum</strong></span> <span class='ocrx_word' id='word_1_57' title='bbox 1095 1374 1196 1438; x_wconf 85' lang='lat' dir='ltr'><strong>facile</strong></span> 
     </span>
     <span class='ocr_line' id='line_1_10' title="bbox 252 1470 1197 1551; baseline 0.002 -16"><span class='ocrx_word' id='word_1_58' title='bbox 252 1472 413 1535; x_wconf 84' lang='lat' dir='ltr'><strong>obaeratis</strong></span> <span class='ocrx_word' id='word_1_59' title='bbox 442 1470 684 1547; x_wconf 84' lang='lat' dir='ltr'><strong>auxiliaribus,</strong></span> <span class='ocrx_word' id='word_1_60' title='bbox 712 1477 748 1534; x_wconf 91' lang='lat' dir='ltr'><strong>et</strong></span> <span class='ocrx_word' id='word_1_61' title='bbox 774 1471 936 1536; x_wconf 87' lang='lat' dir='ltr'><strong>Urbanus</strong></span> <span class='ocrx_word' id='word_1_62' title='bbox 970 1471 1131 1551; x_wconf 87' lang='lat' dir='ltr'><strong>Romam,</strong></span> <span class='ocrx_word' id='word_1_63' title='bbox 1161 1481 1197 1537; x_wconf 91' lang='lat' dir='ltr'><strong>et</strong></span> 
     </span>
     <span class='ocr_line' id='line_1_11' title="bbox 252 1569 1195 1653; baseline 0.002 -18"><span class='ocrx_word' id='word_1_64' title='bbox 252 1570 476 1635; x_wconf 85' lang='lat' dir='ltr'><strong>Boamundus</strong></span> <span class='ocrx_word' id='word_1_65' title='bbox 501 1569 680 1653; x_wconf 89' lang='lat' dir='ltr'><strong>Illyricum</strong></span> <span class='ocrx_word' id='word_1_66' title='bbox 703 1576 738 1632; x_wconf 90' lang='lat' dir='ltr'><strong>et</strong></span> <span class='ocrx_word' id='word_1_67' title='bbox 753 1569 1006 1648; x_wconf 87' lang='lat' dir='ltr'><strong>Macedoniam,</strong></span> <span class='ocrx_word' id='word_1_68' title='bbox 1028 1573 1195 1653; x_wconf 88' lang='lat' dir='ltr'><strong>pervade-</strong></span> 
     </span>
     <span class='ocr_line' id='line_1_12' title="bbox 252 1667 1195 1751; baseline 0.004 -19"><span class='ocrx_word' id='word_1_69' title='bbox 252 1677 349 1734; x_wconf 86' lang='lat' dir='ltr'><strong>rent:</strong></span> <span class='ocrx_word' id='word_1_70' title='bbox 374 1688 454 1732; x_wconf 89' lang='lat' dir='ltr'><strong>nam</strong></span> <span class='ocrx_word' id='word_1_71' title='bbox 468 1687 526 1733; x_wconf 89' lang='lat' dir='ltr'><strong>eas</strong></span> <span class='ocrx_word' id='word_1_72' title='bbox 543 1675 665 1745; x_wconf 79' lang='lat' dir='ltr'><strong>terrae,</strong></span> <span class='ocrx_word' id='word_1_73' title='bbox 681 1676 717 1731; x_wconf 92' lang='lat' dir='ltr'><strong>et</strong></span> <span class='ocrx_word' id='word_1_74' title='bbox 732 1667 895 1751; x_wconf 91' lang='lat' dir='ltr'><strong>quicquid</strong></span> <span class='ocrx_word' id='word_1_75' title='bbox 911 1678 1080 1750; x_wconf 87' lang='lat' dir='ltr'><strong>praeterea</strong></span> <span class='ocrx_word' id='word_1_76' title='bbox 1094 1691 1116 1736; x_wconf 91' lang='lat' dir='ltr'><strong>a</strong></span> <span class='ocrx_word' id='word_1_77' title='bbox 1131 1673 1195 1736; x_wconf 89' lang='lat' dir='ltr'><strong>Di·</strong></span> 
     </span>
     <span class='ocr_line' id='line_1_13' title="bbox 251 1762 1195 1850; baseline 0.001 -17"><span class='ocrx_word' id='word_1_78' title='bbox 251 1770 369 1833; x_wconf 91' lang='lat' dir='ltr'><strong>rachio</strong></span> <span class='ocrx_word' id='word_1_79' title='bbox 385 1769 546 1850; x_wconf 89' lang='lat' dir='ltr'><strong>usquein</strong></span> <span class='ocrx_word' id='word_1_80' title='bbox 562 1767 822 1832; x_wconf 84' lang='lat' dir='ltr'><strong>Tessalonicam</strong></span> <span class='ocrx_word' id='word_1_81' title='bbox 843 1762 1071 1849; x_wconf 88' lang='lat' dir='ltr'><strong>protenditur,</strong></span> <span class='ocrx_word' id='word_1_82' title='bbox 1089 1769 1195 1834; x_wconf 87' lang='lat' dir='ltr'><strong>Gais-</strong></span> 
     </span>
     <span class='ocr_line' id='line_1_14' title="bbox 252 1865 1197 1949; baseline 0.003 -17"><span class='ocrx_word' id='word_1_83' title='bbox 252 1869 376 1932; x_wconf 89' lang='lat' dir='ltr'><strong>cardus</strong></span> <span class='ocrx_word' id='word_1_84' title='bbox 402 1875 503 1949; x_wconf 88' lang='lat' dir='ltr'><strong>pater</strong></span> <span class='ocrx_word' id='word_1_85' title='bbox 526 1886 631 1948; x_wconf 91' lang='lat' dir='ltr'><strong>super</strong></span> <span class='ocrx_word' id='word_1_86' title='bbox 647 1865 813 1930; x_wconf 86' lang='lat' dir='ltr'><strong>Alexium</strong></span> <span class='ocrx_word' id='word_1_87' title='bbox 831 1869 1052 1949; x_wconf 82' lang='lat' dir='ltr'><strong>acquisierat,</strong></span> <span class='ocrx_word' id='word_1_88' title='bbox 1071 1870 1197 1935; x_wconf 86' lang='lat' dir='ltr'><strong>iccirco</strong></span> 
     </span>
     <span class='ocr_line' id='line_1_15' title="bbox 251 1965 1195 2049; baseline 0.002 -17"><span class='ocrx_word' id='word_1_89' title='bbox 251 1968 330 2032; x_wconf 88' lang='lat' dir='ltr'><strong>illas</strong></span> <span class='ocrx_word' id='word_1_90' title='bbox 347 1966 570 2031; x_wconf 88' lang='lat' dir='ltr'><strong>Boamundus</strong></span> <span class='ocrx_word' id='word_1_91' title='bbox 580 1965 653 2048; x_wconf 91' lang='lat' dir='ltr'><strong>juri</strong></span> <span class='ocrx_word' id='word_1_92' title='bbox 668 1985 732 2029; x_wconf 90' lang='lat' dir='ltr'><strong>suo</strong></span> <span class='ocrx_word' id='word_1_93' title='bbox 756 1973 951 2048; x_wconf 85' lang='lat' dir='ltr'><strong>competere</strong></span> <span class='ocrx_word' id='word_1_94' title='bbox 972 1968 1173 2034; x_wconf 87' lang='lat' dir='ltr'><strong>clamitabat</strong></span> <span class='ocrx_word' id='word_1_95' title='bbox 1186 1990 1195 2049; x_wconf 93' lang='lat'>;</span> 
     </span>
     <span class='ocr_line' id='line_1_16' title="bbox 253 2063 1196 2150; baseline 0.002 -20"><span class='ocrx_word' id='word_1_96' title='bbox 253 2069 353 2149; x_wconf 89' lang='lat' dir='ltr'><strong>inops</strong></span> <span class='ocrx_word' id='word_1_97' title='bbox 373 2066 584 2129; x_wconf 89' lang='lat' dir='ltr'><strong>haereditatis</strong></span> <span class='ocrx_word' id='word_1_98' title='bbox 599 2063 763 2147; x_wconf 86' lang='lat' dir='ltr'><strong>Appulae,</strong></span> <span class='ocrx_word' id='word_1_99' title='bbox 778 2085 882 2147; x_wconf 91' lang='lat' dir='ltr'><strong>quam</strong></span> <span class='ocrx_word' id='word_1_100' title='bbox 906 2067 1042 2147; x_wconf 90' lang='lat' dir='ltr'><strong>genitor</strong></span> <span class='ocrx_word' id='word_1_101' title='bbox 1055 2068 1196 2150; x_wconf 86' lang='lat' dir='ltr'><strong>Rogero</strong></span> 
     </span>
     <span class='ocr_line' id='line_1_17' title="bbox 253 2161 1197 2249; baseline 0.001 -19"><span class='ocrx_word' id='word_1_102' title='bbox 253 2161 391 2230; x_wconf 81' lang='lat' dir='ltr'><strong>¹comiti·</strong></span> <span class='ocrx_word' id='word_1_103' title='bbox 402 2164 473 2229; x_wconf 89' lang='lat' dir='ltr'><strong>filio</strong></span> <span class='ocrx_word' id='word_1_104' title='bbox 487 2164 722 2245; x_wconf 87' lang='lat' dir='ltr'><strong>delegaverat.</strong></span> <span class='ocrx_word' id='word_1_105' title='bbox 771 2165 1021 2242; x_wconf 85' lang='lat' dir='ltr'><strong>Veruntamen,</strong></span> <span class='ocrx_word' id='word_1_106' title='bbox 1035 2186 1197 2249; x_wconf 87' lang='lat' dir='ltr'><strong>quaecun-</strong></span> 
     </span>
     <span class='ocr_line' id='line_1_18' title="bbox 253 2263 1195 2348; baseline 0.002 -20"><span class='ocrx_word' id='word_1_107' title='bbox 253 2286 321 2348; x_wconf 90' lang='lat' dir='ltr'><strong>que</strong></span> <span class='ocrx_word' id='word_1_108' title='bbox 349 2264 549 2328; x_wconf 88' lang='lat' dir='ltr'><strong>transeundi</strong></span> <span class='ocrx_word' id='word_1_109' title='bbox 574 2263 678 2326; x_wconf 88' lang='lat' dir='ltr'><strong>suerit</strong></span> <span class='ocrx_word' id='word_1_110' title='bbox 705 2265 854 2340; x_wconf 88' lang='lat' dir='ltr'><strong>occasio,</strong></span> <span class='ocrx_word' id='word_1_111' title='bbox 883 2284 1010 2346; x_wconf 89' lang='lat' dir='ltr'><strong>magno</strong></span> <span class='ocrx_word' id='word_1_112' title='bbox 1041 2274 1076 2330; x_wconf 91' lang='lat' dir='ltr'><strong>et</strong></span> <span class='ocrx_word' id='word_1_113' title='bbox 1097 2267 1195 2330; x_wconf 85' lang='lat' dir='ltr'><strong>illus-</strong></span> 
     </span>
     <span class='ocr_line' id='line_1_19' title="bbox 253 2362 1194 2446; baseline 0 -18"><span class='ocrx_word' id='word_1_114' title='bbox 253 2366 297 2428; x_wconf 93' lang='lat' dir='ltr'><strong>tri</strong></span> <span class='ocrx_word' id='word_1_115' title='bbox 328 2364 498 2427; x_wconf 88' lang='lat' dir='ltr'><strong>adventus</strong></span> <span class='ocrx_word' id='word_1_116' title='bbox 528 2363 604 2446; x_wconf 89' lang='lat' dir='ltr'><strong>ejus</strong></span> <span class='ocrx_word' id='word_1_117' title='bbox 633 2363 699 2426; x_wconf 86' lang='lat' dir='ltr'><strong>fuit</strong></span> <span class='ocrx_word' id='word_1_118' title='bbox 721 2362 953 2427; x_wconf 90' lang='lat' dir='ltr'><strong>emolumento</strong></span> <span class='ocrx_word' id='word_1_119' title='bbox 977 2363 1194 2428; x_wconf 81' lang='lat' dir='ltr'><strong>Christianis</strong></span> 
     </span>
     <span class='ocr_line' id='line_1_20' title="bbox 253 2461 1196 2544; baseline -0.001 -15"><span class='ocrx_word' id='word_1_120' title='bbox 253 2463 421 2529; x_wconf 85' lang='lat' dir='ltr'><strong>Coactum</strong></span> <span class='ocrx_word' id='word_1_121' title='bbox 446 2482 529 2542; x_wconf 89' lang='lat' dir='ltr'><strong>ergo</strong></span> <span class='ocrx_word' id='word_1_122' title='bbox 554 2469 609 2525; x_wconf 91' lang='lat' dir='ltr'><strong>est</strong></span> <span class='ocrx_word' id='word_1_123' title='bbox 634 2462 726 2544; x_wconf 91' lang='lat' dir='ltr'><strong>apud</strong></span> <span class='ocrx_word' id='word_1_124' title='bbox 742 2461 883 2526; x_wconf 85' lang='lat' dir='ltr'><strong>Clarum</strong></span> <span class='ocrx_word' id='word_1_125' title='bbox 902 2463 1058 2527; x_wconf 90' lang='lat' dir='ltr'><strong>Montem</strong></span> <span class='ocrx_word' id='word_1_126' title='bbox 1082 2466 1196 2532; x_wconf 85' lang='lat' dir='ltr'><strong>conci-</strong></span> 
     </span>
     <span class='ocr_line' id='line_1_21' title="bbox 252 2557 1197 2644; baseline 0.001 -18"><span class='ocrx_word' id='word_1_127' title='bbox 252 2564 348 2640; x_wconf 90' lang='lat' dir='ltr'><strong>lium,</strong></span> <span class='ocrx_word' id='word_1_128' title='bbox 365 2581 443 2644; x_wconf 88' lang='lat' dir='ltr'><strong>quae</strong></span> <span class='ocrx_word' id='word_1_129' title='bbox 461 2561 652 2626; x_wconf 90' lang='lat' dir='ltr'><strong>clarissima</strong></span> <span class='ocrx_word' id='word_1_130' title='bbox 666 2568 720 2625; x_wconf 91' lang='lat' dir='ltr'><strong>est</strong></span> <span class='ocrx_word' id='word_1_131' title='bbox 737 2562 819 2624; x_wconf 90' lang='lat' dir='ltr'><strong>urbs</strong></span> <span class='ocrx_word' id='word_1_132' title='bbox 833 2560 1091 2642; x_wconf 81' lang='lat' dir='ltr'><strong>Arvernorum3</strong></span> <span class='ocrx_word' id='word_1_133' title='bbox 1114 2557 1197 2627; x_wconf 82' lang='lat' dir='ltr'><strong>²nu·</strong></span> 
     </span>
     <span class='ocr_line' id='line_1_22' title="bbox 253 2661 1196 2742; baseline 0 -16"><span class='ocrx_word' id='word_1_134' title='bbox 253 2682 367 2726; x_wconf 89' lang='lat' dir='ltr'><strong>merus</strong></span> <span class='ocrx_word' id='word_1_135' title='bbox 391 2662 630 2742; x_wconf 90' lang='lat' dir='ltr'><strong>episcoporum</strong></span> <span class='ocrx_word' id='word_1_136' title='bbox 656 2668 692 2724; x_wconf 89' lang='lat' dir='ltr'><strong>et</strong></span> <span class='ocrx_word' id='word_1_137' title='bbox 713 2662 875 2723; x_wconf 91' lang='lat' dir='ltr'><strong>abbatum</strong></span> <span class='ocrx_word' id='word_1_138' title='bbox 901 2663 1045 2725; x_wconf 90' lang='lat' dir='ltr'><strong>trecenti</strong></span> <span class='ocrx_word' id='word_1_139' title='bbox 1059 2661 1196 2742; x_wconf 89' lang='lat' dir='ltr'><strong>decem;</strong></span> 
     </span>
     <span class='ocr_line' id='line_1_23' title="bbox 254 2759 1198 2842; baseline 0.001 -17"><span class='ocrx_word' id='word_1_140' title='bbox 254 2763 312 2825; x_wconf 91' lang='lat' dir='ltr'><strong>ubi</strong></span> <span class='ocrx_word' id='word_1_141' title='bbox 345 2762 478 2842; x_wconf 90' lang='lat' dir='ltr'><strong>aliquot</strong></span> <span class='ocrx_word' id='word_1_142' title='bbox 504 2759 624 2822; x_wconf 90' lang='lat' dir='ltr'><strong>diebus</strong></span> <span class='ocrx_word' id='word_1_143' title='bbox 655 2760 767 2842; x_wconf 91' lang='lat' dir='ltr'><strong>primo</strong></span> <span class='ocrx_word' id='word_1_144' title='bbox 789 2760 832 2823; x_wconf 92' lang='lat' dir='ltr'><strong>de</strong></span> <span class='ocrx_word' id='word_1_145' title='bbox 862 2760 1033 2824; x_wconf 91' lang='lat' dir='ltr'><strong>catholica</strong></span> <span class='ocrx_word' id='word_1_146' title='bbox 1058 2761 1137 2840; x_wconf 87' lang='lat' dir='ltr'><strong>fide,</strong></span> <span class='ocrx_word' id='word_1_147' title='bbox 1162 2771 1198 2826; x_wconf 90' lang='lat' dir='ltr'><strong>et</strong></span> 
     </span>
     <span class='ocr_line' id='line_1_24' title="bbox 221 2851 1197 2943; baseline 0 -19"><span class='ocrx_word' id='word_1_148' title='bbox 221 2851 222 2854; x_wconf 44' lang='lat'>&#39;</span> <span class='ocrx_word' id='word_1_149' title='bbox 254 2855 361 2925; x_wconf 85' lang='lat' dir='ltr'><strong>³inter</strong></span> <span class='ocrx_word' id='word_1_150' title='bbox 378 2880 415 2924; x_wconf 90' lang='lat' dir='ltr'><strong>se</strong></span> <span class='ocrx_word' id='word_1_151' title='bbox 431 2858 671 2922; x_wconf 87' lang='lat' dir='ltr'><strong>dissidentium</strong></span> <span class='ocrx_word' id='word_1_152' title='bbox 688 2878 786 2941; x_wconf 91' lang='lat' dir='ltr'><strong>pace,</strong></span> <span class='ocrx_word' id='word_1_153' title='bbox 801 2866 971 2923; x_wconf 88' lang='lat' dir='ltr'><strong>tractatus</strong></span> <span class='ocrx_word' id='word_1_154' title='bbox 987 2860 1121 2943; x_wconf 82' lang='lat' dir='ltr'><strong>prolixe</strong></span> <span class='ocrx_word' id='word_1_155' title='bbox 1135 2862 1197 2924; x_wconf 90' lang='lat' dir='ltr'><strong>ha·</strong></span> 
     </span>
     <span class='ocr_line' id='line_1_25' title="bbox 254 2957 1199 3041; baseline -0.001 -17"><span class='ocrx_word' id='word_1_156' title='bbox 254 2961 358 3024; x_wconf 78' lang='lat' dir='ltr'><strong>bitus</strong></span> <span class='ocrx_word' id='word_1_157' title='bbox 411 2958 503 3022; x_wconf 90' lang='lat' dir='ltr'><strong>Nam</strong></span> <span class='ocrx_word' id='word_1_158' title='bbox 534 2964 662 3040; x_wconf 86' lang='lat' dir='ltr'><strong>praeter</strong></span> <span class='ocrx_word' id='word_1_159' title='bbox 691 2957 826 3039; x_wconf 84' lang='lat' dir='ltr'><strong>flagitia</strong></span> <span class='ocrx_word' id='word_1_160' title='bbox 855 2961 979 3040; x_wconf 91' lang='lat' dir='ltr'><strong>quibus</strong></span> <span class='ocrx_word' id='word_1_161' title='bbox 1006 2961 1135 3041; x_wconf 85' lang='lat' dir='ltr'><strong>singuli</strong></span> <span class='ocrx_word' id='word_1_162' title='bbox 1156 2961 1199 3023; x_wconf 85' lang='lat' dir='ltr'><strong>li-</strong></span> 
     </span>
     <span class='ocr_line' id='line_1_26' title="bbox 254 3057 1199 3133; baseline -0.001 -10"><span class='ocrx_word' id='word_1_163' title='bbox 254 3066 372 3123; x_wconf 91' lang='lat' dir='ltr'><strong>center</strong></span> <span class='ocrx_word' id='word_1_164' title='bbox 402 3059 626 3133; x_wconf 86' lang='lat' dir='ltr'><strong>incubabant,</strong></span> <span class='ocrx_word' id='word_1_165' title='bbox 658 3057 702 3121; x_wconf 88' lang='lat' dir='ltr'><strong>ad</strong></span> <span class='ocrx_word' id='word_1_166' title='bbox 733 3058 809 3120; x_wconf 90' lang='lat' dir='ltr'><strong>baec</strong></span> <span class='ocrx_word' id='word_1_167' title='bbox 838 3057 1047 3122; x_wconf 84' lang='lat' dir='ltr'><strong>calamitatis</strong></span> <span class='ocrx_word' id='word_1_168' title='bbox 1080 3079 1199 3122; x_wconf 90' lang='lat' dir='ltr'><strong>omnes</strong></span> 
     </span>
     <span class='ocr_line' id='line_1_27' title="bbox 255 3156 1200 3239; baseline -0.003 -16"><span class='ocrx_word' id='word_1_169' title='bbox 255 3157 422 3239; x_wconf 88' lang='lat' dir='ltr'><strong>Cisalpini</strong></span> <span class='ocrx_word' id='word_1_170' title='bbox 437 3157 658 3232; x_wconf 89' lang='lat' dir='ltr'><strong>devenerant,</strong></span> <span class='ocrx_word' id='word_1_171' title='bbox 673 3163 714 3220; x_wconf 93' lang='lat' dir='ltr'><strong>ut</strong></span> <span class='ocrx_word' id='word_1_172' title='bbox 728 3157 831 3219; x_wconf 88' lang='lat' dir='ltr'><strong>nullis</strong></span> <span class='ocrx_word' id='word_1_173' title='bbox 848 3156 904 3220; x_wconf 92' lang='lat' dir='ltr'><strong>vel</strong></span> <span class='ocrx_word' id='word_1_174' title='bbox 920 3159 1069 3220; x_wconf 91' lang='lat' dir='ltr'><strong>minimis</strong></span> <span class='ocrx_word' id='word_1_175' title='bbox 1085 3159 1200 3220; x_wconf 89' lang='lat' dir='ltr'><strong>causis</strong></span> 
     </span>
     <span class='ocr_line' id='line_1_28' title="bbox 255 3254 1201 3338; baseline -0.001 -17"><span class='ocrx_word' id='word_1_176' title='bbox 255 3257 454 3322; x_wconf 83' lang='lat' dir='ltr'><strong>extantibus</strong></span> <span class='ocrx_word' id='word_1_177' title='bbox 471 3256 617 3338; x_wconf 89' lang='lat' dir='ltr'><strong>quisque</strong></span> <span class='ocrx_word' id='word_1_178' title='bbox 633 3254 740 3319; x_wconf 89' lang='lat' dir='ltr'><strong>alium</strong></span> <span class='ocrx_word' id='word_1_179' title='bbox 754 3263 977 3336; x_wconf 89' lang='lat' dir='ltr'><strong>caperet,·nec</strong></span> <span class='ocrx_word' id='word_1_180' title='bbox 993 3256 1059 3318; x_wconf 93' lang='lat' dir='ltr'><strong>nisi</strong></span> <span class='ocrx_word' id='word_1_181' title='bbox 1073 3276 1201 3338; x_wconf 86' lang='lat' dir='ltr'><strong>magno</strong></span> 
     </span>
     <span class='ocr_line' id='line_1_29' title="bbox 254 3353 1201 3438; baseline 0 -20"><span class='ocrx_word' id='word_1_182' title='bbox 254 3357 468 3437; x_wconf 88' lang='lat' dir='ltr'><strong>redemptum</strong></span> <span class='ocrx_word' id='word_1_183' title='bbox 494 3355 588 3417; x_wconf 89' lang='lat' dir='ltr'><strong>abire</strong></span> <span class='ocrx_word' id='word_1_184' title='bbox 615 3355 753 3417; x_wconf 91' lang='lat' dir='ltr'><strong>sineret.</strong></span> <span class='ocrx_word' id='word_1_185' title='bbox 806 3353 984 3418; x_wconf 85' lang='lat' dir='ltr'><strong>Praeterea</strong></span> <span class='ocrx_word' id='word_1_186' title='bbox 1004 3355 1201 3438; x_wconf 84' lang='lat' dir='ltr'><strong>symonicus</strong></span> 
     </span>
     <span class='ocr_line' id='line_1_30' title="bbox 255 3453 1202 3537; baseline -0.001 -18"><span class='ocrx_word' id='word_1_187' title='bbox 255 3455 378 3537; x_wconf 84' lang='lat' dir='ltr'><strong>anguis</strong></span> <span class='ocrx_word' id='word_1_188' title='bbox 397 3455 448 3517; x_wconf 89' lang='lat' dir='ltr'><strong>ita</strong></span> <span class='ocrx_word' id='word_1_189' title='bbox 471 3453 640 3517; x_wconf 89' lang='lat' dir='ltr'><strong>lubricum</strong></span> <span class='ocrx_word' id='word_1_190' title='bbox 656 3459 762 3535; x_wconf 90' lang='lat' dir='ltr'><strong>caput</strong></span> <span class='ocrx_word' id='word_1_191' title='bbox 777 3461 948 3530; x_wconf 87' lang='lat' dir='ltr'><strong>erexerat,</strong></span> <span class='ocrx_word' id='word_1_192' title='bbox 965 3455 1016 3517; x_wconf 89' lang='lat' dir='ltr'><strong>ita</strong></span> <span class='ocrx_word' id='word_1_193' title='bbox 1031 3461 1202 3519; x_wconf 88' lang='lat' dir='ltr'><strong>venenato</strong></span> 
     </span>
     <span class='ocr_line' id='line_1_31' title="bbox 254 3551 1202 3634; baseline -0.002 -16"><span class='ocrx_word' id='word_1_194' title='bbox 254 3555 342 3620; x_wconf 86' lang='lat' dir='ltr'><strong>foetu</strong></span> <span class='ocrx_word' id='word_1_195' title='bbox 356 3551 523 3617; x_wconf 87' lang='lat' dir='ltr'><strong>mortiferi</strong></span> <span class='ocrx_word' id='word_1_196' title='bbox 538 3553 700 3633; x_wconf 84' lang='lat' dir='ltr'><strong>germinis</strong></span> <span class='ocrx_word' id='word_1_197' title='bbox 715 3571 783 3615; x_wconf 93' lang='lat' dir='ltr'><strong>ova</strong></span> <span class='ocrx_word' id='word_1_198' title='bbox 800 3561 1040 3634; x_wconf 87' lang='lat' dir='ltr'><strong>vaporaverat,</strong></span> <span class='ocrx_word' id='word_1_199' title='bbox 1052 3561 1092 3617; x_wconf 89' lang='lat' dir='ltr'><strong>ut</strong></span> <span class='ocrx_word' id='word_1_200' title='bbox 1107 3561 1202 3617; x_wconf 89' lang='lat' dir='ltr'><strong>totus</strong></span> 
     </span>
     <span class='ocr_line' id='line_1_32' title="bbox 255 3650 1201 3719; baseline -0.003 0"><span class='ocrx_word' id='word_1_201' title='bbox 255 3655 347 3719; x_wconf 89' lang='lat' dir='ltr'><strong>orbis</strong></span> <span class='ocrx_word' id='word_1_202' title='bbox 365 3652 485 3717; x_wconf 90' lang='lat' dir='ltr'><strong>lethali</strong></span> <span class='ocrx_word' id='word_1_203' title='bbox 501 3653 602 3716; x_wconf 90' lang='lat' dir='ltr'><strong>sibilo</strong></span> <span class='ocrx_word' id='word_1_204' title='bbox 625 3650 773 3715; x_wconf 86' lang='lat' dir='ltr'><strong>infectus</strong></span> <span class='ocrx_word' id='word_1_205' title='bbox 788 3653 1039 3716; x_wconf 89' lang='lat' dir='ltr'><strong>ecclesiasticos</strong></span> <span class='ocrx_word' id='word_1_206' title='bbox 1054 3653 1201 3716; x_wconf 88' lang='lat' dir='ltr'><strong>honores</strong></span> 
     </span>
     <span class='ocr_line' id='line_1_33' title="bbox 252 3750 1200 3835; baseline -0.003 -18"><span class='ocrx_word' id='word_1_207' title='bbox 252 3759 501 3835; x_wconf 89' lang='lat' dir='ltr'><strong>corrumperet.</strong></span> <span class='ocrx_word' id='word_1_208' title='bbox 552 3752 642 3816; x_wconf 84' lang='lat' dir='ltr'><strong>Tum</strong></span> <span class='ocrx_word' id='word_1_209' title='bbox 658 3750 748 3813; x_wconf 89' lang='lat' dir='ltr'><strong>enim</strong></span> <span class='ocrx_word' id='word_1_210' title='bbox 764 3771 833 3814; x_wconf 93' lang='lat' dir='ltr'><strong>non</strong></span> <span class='ocrx_word' id='word_1_211' title='bbox 850 3750 962 3814; x_wconf 90' lang='lat' dir='ltr'><strong>dicam</strong></span> <span class='ocrx_word' id='word_1_212' title='bbox 982 3753 1135 3833; x_wconf 89' lang='lat' dir='ltr'><strong>episcopi</strong></span> <span class='ocrx_word' id='word_1_213' title='bbox 1156 3752 1200 3814; x_wconf 89' lang='lat' dir='ltr'><strong>ad</strong></span> 
     </span>
    </p>
   </div>
   <div class='ocr_carea' id='block_1_3' title="bbox 255 4006 1208 4348">
    <p class='ocr_par' dir='ltr' id='par_1_3' title="bbox 255 4006 1208 4348">
     <span class='ocr_line' id='line_1_34' title="bbox 292 4006 720 4070; baseline 0 -14"><span class='ocrx_word' id='word_1_214' title='bbox 292 4007 299 4036; x_wconf 91' lang='lat'>¹</span> <span class='ocrx_word' id='word_1_215' title='bbox 314 4006 427 4070; x_wconf 68' lang='lat' dir='ltr'><strong>Comiti]</strong></span> <span class='ocrx_word' id='word_1_216' title='bbox 441 4008 471 4058; x_wconf 81' lang='lat' dir='ltr'><strong>C.</strong></span> <span class='ocrx_word' id='word_1_217' title='bbox 492 4007 527 4056; x_wconf 89' lang='lat' dir='ltr'><strong>D.</strong></span> <span class='ocrx_word' id='word_1_218' title='bbox 546 4008 597 4067; x_wconf 85' lang='lat' dir='ltr'><strong>E.;</strong></span> <span class='ocrx_word' id='word_1_219' title='bbox 621 4007 720 4069; x_wconf 90' lang='lat' dir='ltr'><strong>minori,</strong></span> 
     </span>
     <span class='ocr_line' id='line_1_35' title="bbox 255 4075 1205 4142; baseline 0.002 -14"><span class='ocrx_word' id='word_1_220' title='bbox 255 4079 288 4130; x_wconf 79' lang='lat' dir='ltr'><strong>A.</strong></span> <span class='ocrx_word' id='word_1_221' title='bbox 301 4078 330 4127; x_wconf 84' lang='lat' dir='ltr'><strong>S.</strong></span> <span class='ocrx_word' id='word_1_222' title='bbox 342 4079 373 4126; x_wconf 87' lang='lat' dir='ltr'><strong>L.</strong></span> <span class='ocrx_word' id='word_1_223' title='bbox 779 4075 789 4106; x_wconf 86' lang='lat'>³</span> <span class='ocrx_word' id='word_1_224' title='bbox 801 4079 870 4126; x_wconf 85' lang='lat' dir='ltr'><strong>later</strong></span> <span class='ocrx_word' id='word_1_225' title='bbox 881 4093 906 4127; x_wconf 79' lang='lat' dir='ltr'><strong>se</strong></span> <span class='ocrx_word' id='word_1_226' title='bbox 917 4079 1109 4142; x_wconf 74' lang='lat' dir='ltr'><strong>dissidentium]</strong></span> <span class='ocrx_word' id='word_1_227' title='bbox 1129 4079 1158 4128; x_wconf 81' lang='lat' dir='ltr'><strong>S.</strong></span> <span class='ocrx_word' id='word_1_228' title='bbox 1170 4079 1205 4130; x_wconf 91' lang='lat' dir='ltr'><strong>D.</strong></span> 
     </span>
     <span class='ocr_line' id='line_1_36' title="bbox 291 4145 1208 4210; baseline 0.002 -14"><span class='ocrx_word' id='word_1_229' title='bbox 291 4145 437 4196; x_wconf 58' lang='grc' dir='ltr'><strong>ςΝιιηιενιιε</strong></span> <span class='ocrx_word' id='word_1_230' title='bbox 448 4145 630 4210; x_wconf 74' lang='lat' dir='ltr'><strong>episcoporum]</strong></span> <span class='ocrx_word' id='word_1_231' title='bbox 643 4147 671 4197; x_wconf 78' lang='lat' dir='ltr'><strong>S.</strong></span> <span class='ocrx_word' id='word_1_232' title='bbox 685 4147 719 4197; x_wconf 79' lang='lat' dir='ltr'><strong>D.</strong></span> <span class='ocrx_word' id='word_1_233' title='bbox 744 4149 795 4208; x_wconf 86' lang='lat' dir='ltr'><strong>E.;</strong></span> <span class='ocrx_word' id='word_1_234' title='bbox 812 4163 897 4196; x_wconf 85' lang='lat' dir='ltr'><strong>eornm</strong></span> <span class='ocrx_word' id='word_1_235' title='bbox 914 4150 959 4210; x_wconf 87' lang='lat' dir='ltr'><strong>qui</strong></span> <span class='ocrx_word' id='word_1_236' title='bbox 976 4149 1041 4198; x_wconf 88' lang='lat' dir='ltr'><strong>inter</strong></span> <span class='ocrx_word' id='word_1_237' title='bbox 1055 4163 1083 4199; x_wconf 81' lang='lat' dir='ltr'><strong>se</strong></span> <span class='ocrx_word' id='word_1_238' title='bbox 1100 4149 1208 4198; x_wconf 85' lang='lat' dir='ltr'><strong>disside-</strong></span> 
     </span>
     <span class='ocr_line' id='line_1_37' title="bbox 258 4216 856 4279; baseline 0 -13"><span class='ocrx_word' id='word_1_239' title='bbox 258 4220 305 4279; x_wconf 88' lang='lat' dir='ltr'><strong>E.;</strong></span> <span class='ocrx_word' id='word_1_240' title='bbox 322 4229 442 4266; x_wconf 82' lang='lat' dir='ltr'><strong>numerus</strong></span> <span class='ocrx_word' id='word_1_241' title='bbox 453 4216 502 4264; x_wconf 77' lang='lat' dir='ltr'><strong>tuit</strong></span> <span class='ocrx_word' id='word_1_242' title='bbox 513 4221 720 4279; x_wconf 80' lang='lat' dir='ltr'><strong>congregatorum</strong></span> <span class='ocrx_word' id='word_1_243' title='bbox 744 4219 814 4278; x_wconf 87' lang='lat' dir='ltr'><strong>bant,</strong></span> <span class='ocrx_word' id='word_1_244' title='bbox 825 4218 856 4266; x_wconf 81' lang='lat' dir='ltr'><strong>L.</strong></span> 
     </span>
     <span class='ocr_line' id='line_1_38' title="bbox 257 4286 486 4348; baseline -0.013 -12"><span class='ocrx_word' id='word_1_245' title='bbox 257 4289 444 4348; x_wconf 82' lang='lat' dir='ltr'><strong>episcoporum,</strong></span> <span class='ocrx_word' id='word_1_246' title='bbox 458 4286 486 4334; x_wconf 82' lang='lat' dir='ltr'><strong>L.</strong></span> 
     </span>
    </p>
   </div>
   <div class='ocr_carea' id='block_1_4' title="bbox 0 0 1587 4982">
    <p class='ocr_par' dir='ltr' id='par_1_4' title="bbox 0 0 1587 4982">
     <span class='ocr_line' id='line_1_39' title="bbox 0 0 1587 4982; baseline 0 0"><span class='ocrx_word' id='word_1_247' title='bbox 0 0 1587 4982; x_wconf 95' lang='lat' dir='ltr'><strong> </strong></span> 
     </span>
    </p>
   </div>
  </div>
 </body>
</html>
