3140 4974
383 452 450 517 630
600 467 714 515 cnsrn
738 465 865 514 arcun
889 463 1104 513 anonoauu.
1201 450 1287 531 [arn.
1304 467 1342 514 v,

386 645 450 708 pro
481 625 549 688 fide
575 632 611 689 et
638 623 806 688 affinitate
835 641 956 687 socero
987 639 1232 686 annumerans.
1259 648 1261 651 ·
1284 621 1339 686 Ea

389 724 637 800 munificentia,
659 725 697 786 in
720 723 793 786 filio
822 721 1025 786 Baldewino
1050 741 1120 786 non
1143 709 1339 799 imminuta,

389 823 492 889 haesit
505 824 542 887 in
557 823 703 887 Roberti
720 822 875 886 Frisonis
888 821 1032 897 malitia,
1049 840 1153 903 quam
1165 813 1340 902 ¹superior

390 943 460 987 non
476 923 643 1005 praeteriit
665 941 786 985 sermo.
840 919 951 984 Porro
967 921 1033 984 iste
1053 919 1241 995 Robertus,
1260 913 1338 983 Friss

390 1022 484 1085 sonis
499 1021 603 1098 filius,
619 1022 784 1084 omissum
806 1037 932 1082 munus
952 1037 974 1081 a
988 1018 1164 1083 Willelmo
1187 1019 1339 1082 secundo

391 1141 462 1185 non
484 1119 667 1183 difficulter
687 1121 957 1202 impetraverat;
980 1117 1073 1199 quod
1098 1124 1134 1180 et
1158 1118 1189 1180 is
1212 1137 1340 1199 cogna-

391 1220 521 1284 tionem
546 1219 780 1301 praetenderit,
803 1224 839 1281 et
860 1218 918 1280 ille
939 1215 1107 1280 invictum
1129 1217 1280 1279 animum
1302 1217 1340 1280 in

391 1319 588 1400 spargenda
621 1319 767 1400 pecunia
796 1316 949 1381 haberet.
1001 1315 1138 1380 Verum
1165 1315 1340 1379 Henricus

392 1419 516 1501 majori
546 1417 697 1499 pondere
719 1435 791 1480 rem
816 1416 1000 1492 ventilans,
1030 1421 1070 1478 ut
1098 1434 1161 1477 nec
1188 1414 1340 1478 indebite

392 1511 579 1580 ²adunaret
601 1517 777 1598 pecunias,
807 1535 871 1578 noc
904 1515 971 1577 nisi
995 1513 1109 1577 debite
1132 1513 1341 1595 dilapidaret

393 1615 542 1692 habitas,
567 1614 722 1678 Roberto
739 1616 784 1677 ab
801 1613 1016 1696 ierosolyma
1036 1631 1186 1688 reverso,
1202 1621 1237 1681 et
1253 1633 1340 1694 qua-

393 1715 424 1778 si
438 1734 501 1796 pro
515 1714 659 1795 imperio
675 1720 847 1778 trecentas
864 1713 1001 1794 argenti
1022 1730 1156 1774 marcas
1172 1711 1340 1792 exigenti,

393 1814 429 1876 in
450 1814 539 1877 hano
553 1813 731 1895 respondit
753 1813 979 1876 seutentiam:
1005 1811 1088 1875 Nou
1104 1811 1225 1874 solitos
1238 1830 1339 1892 reges

394 1910 533 1993 Angliae
551 1911 739 1976 Flandritis
754 1911 905 1992 vectigal
929 1911 1088 1993 pendere,
1113 1928 1176 1972 nec
1200 1929 1237 1972 se
1252 1911 1343 1973 velle

393 2012 588 2076 libertatem
613 2011 781 2094 majorum
797 2009 935 2074 macula
956 2027 1029 2072 suec
1051 2008 1247 2084 timiditatis
1267 2008 1341 2072 fus-

393 2130 494 2174 care:
518 2117 741 2193 quapropter,
763 2111 795 2173 si
818 2128 882 2172 suo
905 2107 1100 2172 committat
1122 2108 1276 2184 arbitrio,
1298 2108 1341 2171 li-

393 2209 514 2274 benter
530 2228 568 2273 se
581 2209 673 2292 quod
690 2208 931 2291 opportunitas
946 2207 1066 2271 siverit
1080 2213 1119 2270 ut
1134 2215 1283 2288 cognato
1306 2215 1342 2272 et

394 2309 505 2373 amico
527 2309 629 2388 dare;
653 2309 778 2372 sivero
804 2307 840 2370 in
864 2305 1046 2371 exactione
1072 2308 1342 2388 permanendum

396 2409 583 2490 putaverit,
597 2408 735 2471 omnino
757 2425 895 2488 negare.
948 2404 1029 2468 Hac
1047 2405 1106 2468 ille
1124 2406 1259 2470 rationo
1281 2407 1341 2470 de·

391 2507 520 2588 jectus,
538 2507 689 2570 animum
703 2507 812 2571 multo
826 2513 980 2586 tempore
1001 2504 1038 2568 in
1055 2523 1171 2586 regem
1194 2506 1339 2570 tumuit:

396 2605 469 2682 sed,
485 2624 608 2686 parum
630 2612 692 2668 aut
714 2605 798 2668 nihil
820 2604 1053 2667 simultatibus
1076 2603 1229 2686 adjutus,
1244 2624 1341 2667 man-

396 2703 569 2767 suetudini
586 2711 735 2767 mentem
752 2702 1035 2778 accommodavit,
1046 2711 1211 2785 expertus
1225 2710 1342 2784 regem

395 2821 498 2883 posse
513 2802 605 2865 flecti
628 2803 796 2883 precario,
810 2822 880 2865 non
903 2802 996 2865 fastu
1013 2803 1207 2884 tyrannico.
1258 2801 1281 2864 J
1284 2809 1341 2865 am

395 2921 478 2964 vero
497 2901 698 2970 Baldewino
713 2901 785 2964 filio
799 2900 876 2984 ejus
885 2900 1036 2964 varietas
1050 2908 1244 2982 temporum
1259 2921 1342 2965 cau-

396 3019 454 3064 sas
468 3001 597 3064 irarum
608 3001 645 3064 in
661 3020 778 3082 regem
795 3000 908 3064 dedit:
932 3000 1101 3081 siquidem
1113 2994 1344 3065 ³Willelmum

396 3100 504 3164 filium
529 3100 675 3164 Roberti
701 3099 895 3164 Normanni
919 3100 1040 3163 volens
1073 3099 1267 3165 haereditati
1288 3101 1342 3162 iu-

396 3202 545 3277 trudere,
561 3201 683 3263 alienis
701 3219 738 3264 se
755 3207 879 3282 sponte
893 3199 1043 3279 negotiis
1057 3199 1253 3276 immiscuit,
1268 3219 1342 3263 cre·

395 3301 525 3382 broque
552 3299 697 3363 castella
724 3299 816 3380 regis
844 3299 881 3361 in
912 3297 1129 3362 Normannia
1155 3297 1342 3380 inopinatis

394 3398 567 3480 fatigabat
597 3399 807 3477 assultibus3
837 3415 1001 3479 magnum
1022 3397 1288 3473 incommodum,
1313 3400 1344 3462 si

398 3497 488 3561 Fata
505 3498 681 3574 sivissent,
696 3505 798 3562 terrae
812 3495 983 3561 minatus:
1007 3495 1068 3560 sed
1087 3496 1180 3579 apud
1194 3489 1343 3561 *Arelas

416 3749 437 3780 ‘¹
450 3751 589 3816 Superior]
605 3752 855 3815 See§att,p.4aa.
881 3751 910 3801 of
929 3751 1051 3802 llanders
1069 3767 1138 3814 upon
1160 3752 1202 3802 the
1225 3753 1301 3802 death
1318 3753 1345 3802 ol

427 3819 438 3852 ²
449 3822 598 3886 Munerat]
623 3821 656 3871 A.
670 3824 700 3872 C.
712 3823 748 3870 D.
763 3823 793 3872 E.
805 3823 855 3884 L.;
880 3821 987 3872 charles
997 3822 1021 3870 le
1033 3822 1098 3883 Bon,
1108 3822 1178 3872 AJ).
1192 3826 1264 3872 112⁷.

391 3893 531 3954 adamaret,
542 3893 571 3941 S.
914 3888 925 3920 ⁴
946 3885 1075 3958 Arciam]
1103 3891 1249 3941 Historiam
1270 3891 1344 3941 differ

426 3959 437 3992 ³
464 3963 613 4012 Willelmum
635 3959 720 4024 filium
753 3960 856 4008 Rcberti
879 3960 1071 4010 bothastothe
1085 3961 1159 4022 place
1169 3962 1254 4010 where
1266 3961 1344 4010 Bald-

393 4026 553 4098 Normunni.]
579 4029 702 4091 william,
721 4031 856 4078 sumamed
880 4030 932 4078 win
944 4045 998 4080 was
1009 4031 1146 4093 wounded,
1157 4031 1300 4080 andwhere
1311 4031 1343 4079 he

392 4101 487 4163 Cliton,
509 4116 554 4150 son
575 4100 605 4148 oi
624 4099 718 4148 Robert
736 4097 806 4146 dulce
830 4099 859 4147 of
879 4099 948 4160 died,
959 4101 1084 4149 anderen
1100 4115 1129 4148 as
1146 4105 1172 4150 to
1188 4100 1230 4148 the
1241 4103 1301 4149 time
1318 4101 1348 4149 of

392 4171 540 4232 Normandy
559 4169 610 4219 and
632 4168 722 4218 Sibilla
739 4168 771 4216 de
788 4166 855 4218 Gon·
879 4167 919 4217 his
937 4169 1027 4229 death;
1044 4171 1090 4219 but
1109 4170 1130 4218 it
1141 4184 1222 4220 seems
1238 4170 1294 4218 that
1310 4169 1343 4218 he

391 4254 505 4302 versane,
513 4239 654 4288 succeeded
662 4237 854 4288 totheearldom
878 4239 972 4299 passed
983 4239 1025 4288 the
1040 4239 1089 4288 last
1099 4243 1142 4288 ten
1154 4239 1252 4288 months
1262 4239 1292 4290 ol
1302 4239 1343 4288 his
