3152 4970
236 507 370 589 mnu]
468 523 581 572 oasrn
606 523 732 572 nacon
756 523 968 572 Anononuu.
1119 507 1185 572 679

237 677 374 742 cederet
396 679 462 742 uisi
480 679 591 743 dulce.
643 680 825 760 Quantula
840 700 922 746 vero
945 678 1183 763 potestvideri

236 774 312 839 haec
335 777 412 859 ejus
438 777 619 843 laudatiol
672 779 810 857 Quotus
836 779 926 843 enim
954 779 1101 861 quisque
1128 785 1182 840 est

234 875 297 956 qui
313 876 369 938 vel
390 875 568 940 minimum
586 877 696 942 literis
718 880 871 943 imbutus
891 898 960 942 non
979 878 1066 940 alios
1089 875 1181 939 iufra

236 972 441 1054 dignitatem
463 994 562 1038 suam
584 977 755 1059 opinetur,
771 977 902 1041 tumido
917 983 1017 1058 gestu
1031 983 1066 1040 et
1083 995 1181 1058 pom·

235 1072 351 1155 patico
377 1073 515 1138 incessu
539 1095 612 1157 pree
638 1096 675 1140 se
701 1076 813 1140 ferens
836 1075 1082 1140 conscientiam
1103 1074 1181 1137 lite-

235 1173 375 1235 rammi
427 1173 677 1252 Veruntamen,
692 1195 736 1238 ne
751 1175 834 1258 quid
847 1173 1067 1256 perfectionis
1080 1190 1180 1236 sanc·
1202 1213 1205 1218 -

235 1276 281 1333 tae
307 1270 444 1336 deesset
470 1272 607 1350 animae,
624 1268 741 1338 multis
762 1274 821 1338 ille
849 1273 950 1336 annis
974 1273 1179 1354 grabbatum

235 1367 334 1446 fovit,
352 1371 486 1434 camino
504 1371 675 1436 diuturnae
690 1373 779 1436 tabis
801 1371 970 1435 medullas
987 1379 1021 1435 et
1036 1378 1181 1453 peccata

236 1460 431 1532 ¹excoctua

235 1654 283 1700 DE
319 1655 598 1704 TRANSLATIONE
635 1656 765 1704 SANGTI
809 1658 1005 1718 OU'l'BERTl,
1049 1657 1094 1704 ET
1133 1658 1180 1704 DE

284 1753 424 1802 sANc‘rA
452 1755 725 1816 ETHELDRITHA,
747 1756 903 1814 QUORUM
927 1756 1094 1804 CORPORA
1126 1755 1181 1802 lN·

284 1853 405 1900 TEGRA
427 1853 589 1901 INVENTA
612 1853 720 1902 SUNT.

222 1969 224 1972 ’
286 1959 304 2042 §
333 1960 410 2023 445.
449 1958 517 2024 Sed
545 1961 627 2043 quid
659 1959 702 2024 de
732 1959 858 2024 talibus
891 1959 1018 2041 plorat
1070 1961 1181 2026 Erant
1192 1953 1323 2018 noleban-

234 2076 376 2138 prorsus
403 2067 487 2123 tunc
507 2057 543 2122 in
566 2058 697 2140 Anglia
719 2058 820 2122 multi
845 2059 990 2123 scientia
1015 2059 1179 2137 illustres,
1191 2030 1223 2069 ⁰⁸¹
1232 2029 1308 2068 Μ’

234 2157 399 2238 religione
414 2157 584 2237 celebres;
608 2177 754 2240 quorum
772 2158 883 2222 virtus
902 2176 943 2220 eo
958 2159 1180 2239 probabilior,

235 2274 317 2337 quo,
342 2257 458 2320 seculo
488 2263 701 2332 senescente,
727 2256 941 2320 constantior
965 2264 1001 2321 et
1026 2257 1179 2322 viridior.

236 2353 473 2432 Laudabiliter
494 2355 602 2437 igitur
618 2355 768 2421 vivendo
790 2354 893 2419 fidem
919 2357 1105 2437 praeteritis
1127 2357 1179 2420 fa-

235 2453 371 2518 ciebant
396 2454 561 2532 historiis,
586 2475 629 2518 ne
644 2463 764 2520 vetera
785 2453 920 2536 possint
941 2453 1104 2519 falsitatis
1127 2474 1181 2518 ar-

235 2552 308 2632 gui,
334 2571 412 2616 cum
438 2573 606 2618 novorum
629 2553 788 2635 exemplo
810 2552 1001 2635 probentur
1026 2555 1181 2635 potuisse

235 2650 318 2715 fieri.
372 2652 467 2730 Quin
484 2653 587 2716 etiam
605 2653 710 2734 siqui
726 2651 1076 2716 essentecclesiarum
1093 2673 1180 2736 prae-

235 2749 298 2813 lati
314 2751 374 2832 qni
388 2751 586 2830 viderentur
602 2753 646 2815 ab
671 2751 892 2833 antiquorum
918 2752 1104 2814 sanctitate
1122 2751 1180 2816 de·

237 2869 393 2930 generes,
410 2851 446 2913 in
466 2851 698 2914 mundialibus
722 2849 854 2914 scilicet
871 2848 1038 2927 efficaces,
1053 2850 1089 2912 in
1110 2852 1181 2933 spi-

237 2947 420 3013 ritualibus
436 2949 594 3028 desides;
621 2949 721 3025 talea,
745 2949 898 3031 inquam,
921 2949 1032 3030 siqui
1055 2957 1183 3025 essent,
1233 3017 1236 3024 ,

237 3037 455 3131 sumptuosis'
475 3048 629 3112 locorum
658 3047 807 3110 cultibus
831 3048 1046 3110 conabantur
1067 3055 1183 3110 errata

237 3146 453 3209 obumbrare.
506 3145 672 3226 Erigebat
695 3146 841 3226 quisque
867 3145 997 3226 templa
1020 3145 1182 3222 recentia,

237 3251 505 3326 sanctorumque
519 3263 659 3308 suorum
675 3249 819 3323 argento
841 3249 876 3305 et
897 3261 981 3306 auro
1002 3241 1184 3307 amiciebat

238 3361 395 3425 corpora,
430 3341 515 3406 nihil
541 3340 836 3424 praetermittendo
869 3341 1038 3405 charitate
1066 3360 1183 3423 sump-

225 3433 336 3503 'tuum
351 3442 443 3524 quod
465 3440 509 3504 ad
532 3441 681 3522 gratiam
703 3440 814 3522 possit
831 3439 969 3502 allicere
991 3438 1109 3503 oculos
1131 3441 1184 3503 in-

237 3541 419 3604 tuentium.
472 3536 629 3618 Quorum
651 3545 706 3602 est
721 3537 918 3601 Rannulfus
944 3538 1101 3621 superius
1123 3558 1184 3602 no-

237 3638 401 3714 minatus,
415 3639 486 3721 qui,
501 3638 595 3720 apud
618 3637 829 3701 Dunelmum
854 3636 966 3700 factus
989 3638 1183 3719 episcopua,

236 3736 273 3798 in
290 3737 444 3801 aedificiis
458 3737 705 3801 monachornm
721 3736 832 3811 noris,
850 3742 886 3798 et
899 3735 992 3798 beati
1002 3734 1184 3799 Guthberti

237 3837 471 3914 veneratione,
486 3835 687 3900 nonnullam
705 3834 852 3915 gloriam
868 3833 997 3896 nomini
1012 3853 1075 3898 suo
1091 3853 1184 3898 com·

237 3941 374 3998 mentus
389 3942 460 4000 est:
485 3934 584 4019 cnjus
609 3933 736 3997 extulit
749 3933 877 3996 famam
893 3925 1040 3996 ²sacrati
1062 3951 1185 4015 corpo·
1199 3953 1253 3993 nn.
1265 3952 1320 3991 1104.

272 4203 281 4235 ¹
293 4207 438 4271 Excoctus]
451 4207 484 4258 A.
495 4209 524 4257 G.
537 4208 572 4258 D.
585 4209 617 4258 E.
629 4208 700 4268 1123
760 4205 902 4270 waeran]
927 4205 961 4256 A.
975 4208 1005 4256 0.
1023 4207 1058 4255 D.
1071 4209 1103 4258 E.
1116 4208 1188 4268 La.;

237 4280 382 4337 excoctens,
394 4277 422 4326 S.
725 4276 855 4340 sancti,S.

1012 4365 1083 4411 2t2
1180 4409 1182 4413 .
