3080 4960
213 525 284 572 mr.
299 507 373 587 111.]
501 523 676 572 msrorm
698 524 877 574 novrum.
1096 509 1161 574 747

211 679 503 762 incomparabilis,
525 680 563 744 in
579 677 720 760 Angliae
736 677 1032 759 Normanniaeque
1054 677 1162 741 domi-

212 799 292 842 nam
317 778 490 860 eligimus
516 785 552 842 et
576 780 608 842 ei
631 777 734 842 fidem
761 783 797 840 et
821 782 1161 842 manutenementum

213 877 471 960 promittimus.’

316 1066 491 1124 Quouono
514 1067 789 1140 nounomnusns
812 1067 852 1114 m
875 1067 1056 1114 coucmm.

263 1172 360 1255 §dtu
385 1171 541 1256 Cumque
567 1193 686 1237 omnes
713 1179 902 1256 praesentes
928 1173 984 1237 vel
1006 1172 1160 1236 modeste
1172 1195 1218 1236 me
1226 1196 1281 1236 non·

621 1273 628 1287 .
785 1273 791 1286 .
1172 1247 1315 1286 donaturum·

213 1272 464 1336 acclamassent
481 1280 674 1350 sententiae,
690 1274 746 1336 vel
764 1273 905 1336 sdentes
928 1292 999 1336 non
1021 1279 1158 1336 contra·
1171 1297 1322 1337 moserata

214 1371 396 1447 dixissent,
421 1371 569 1454 subjecit
585 1365 758 1453 ¹legatus:
784 1371 1066 1442 ‘Londonienses
1082 1369 1159 1456 (qui
1170 1346 1259 1387 ΜΠ·

213 1474 295 1533 sunt
307 1470 406 1551 quasi
427 1471 624 1552 optimateS,
647 1491 710 1552 pro
734 1471 972 1552 magnitudine
996 1470 1159 1548 civitatis,

211 1569 249 1630 in
274 1565 423 1652 Anglia)
441 1569 576 1632 nunciis
600 1571 728 1632 nostris
753 1571 989 1646 convenimus
1015 1575 1050 1632 et
1076 1589 1159 1633 con·

211 1667 354 1730 ductum
372 1673 412 1730 ut
432 1673 509 1730 tuto
524 1669 667 1732 veniant
682 1667 853 1744 misimus,
873 1687 1001 1750 eosque
1023 1667 1159 1732 confido

211 1784 281 1830 non
295 1765 389 1830 ultra
410 1765 501 1828 bunc
515 1767 605 1830 diem
630 1774 846 1831 moraturos:
870 1768 962 1831 bona
975 1769 1079 1831 venia
1099 1785 1159 1830 us·

211 1883 278 1946 que
293 1883 370 1928 cras
387 1865 644 1930 sustineamus.’
696 1941 699 1948 ,

262 1963 280 2046 d
295 1963 350 2026 46.
375 1963 478 2026 Feria
494 1971 620 2047 quarta
634 1971 803 2029 venerunt
818 1963 1088 2041 Londonienses,
1111 1970 1158 2041 et,
1171 1992 1230 2042 moy
1238 1991 1313 2032 mia

211 2062 249 2126 in
277 2062 460 2126 concilium
483 2064 684 2140 introducti,
714 2083 855 2127 causam
883 2083 983 2127 suam
1016 2071 1159 2128 eatenus
1170 2043 1258 2092 ΛΡΜ·

211 2169 358 2242 egerunt
386 2168 427 2224 ut
448 2161 613 2239 dicerent,
645 2161 769 2226 missos
801 2182 839 2226 se
867 2181 889 2226 a
920 2163 1159 2226 communione

213 2279 318 2342 quam
342 2267 470 2324 vocant
495 2261 764 2339 Londoniarum,
790 2281 859 2324 non
887 2263 1076 2328 certamina
1098 2261 1159 2325 sed

213 2378 331 2440 preces
359 2352 510 2436 ²offerre,
542 2367 583 2423 ut
608 2359 766 2424 dominus
793 2379 878 2424 suus
911 2380 974 2423 rex
1004 2360 1047 2424 de
1076 2380 1159 2442 cap·
1258 2383 1260 2388 ’

213 2457 307 2522 tione
335 2458 549 2524 liberaretur.
609 2458 690 2523 Hoc
713 2479 833 2523 omnes
855 2460 1015 2536 barones,
1041 2459 1159 2544 quiin

212 2575 330 2620 eorum
346 2558 619 2622 communionem
630 2557 835 2642 jamdudum
858 2560 988 2640 recepti
1008 2557 1158 2636 fuerant,

212 2675 428 2738 summopere
450 2656 609 2738 flagitare
632 2677 654 2720 a
675 2657 813 2721 domino
830 2659 960 2738 legato,
978 2664 1014 2721 et
1035 2659 1079 2721 ab
1102 2676 1158 2721 ar·

213 2755 443 2838 chiepiscopo,
459 2757 630 2838 simulque
648 2757 692 2819 ab
715 2757 808 2820 omni
824 2757 916 2821 clero
930 2758 990 2838 qui
1006 2775 1158 2838 praesens

212 2861 296 2918 erat.
360 2854 581 2937 Responsum
604 2861 658 2919 est
679 2856 729 2918 eis
755 2856 918 2938 alegate
945 2857 1092 2920 ubertim
1123 2861 1159 2920 et

213 2953 411 3035 splendide;
436 2961 482 3030 et,
508 2974 576 3036 quo
599 2955 713 3017 minus
738 2955 835 3018 fieret
857 2955 950 3035 quod
976 2955 1159 3034 rogabant,

212 3053 332 3115 eadem
349 3053 461 3116 oratio
476 3070 554 3134 quae
569 3052 678 3134 pridie
696 3053 826 3116 habita.
858 3049 1044 3135 Adjectum
1059 3053 1159 3135 quin·

214 3151 331 3227 etiam,
348 3149 452 3213 ‘Non
473 3151 593 3213 decere
614 3155 655 3212 ut
671 3149 943 3226 LondonienseS,
957 3151 1017 3232 qui
1036 3151 1159 3232 praeci-

214 3251 275 3330 pui
291 3248 504 3311 habebantur
524 3249 561 3311 in
576 3246 708 3328 Anglia
728 3248 820 3311 sicut
834 3266 1004 3330 proceres,
1021 3249 1159 3312 illorum

212 3355 329 3429 partes
351 3346 509 3411 foverent
524 3346 584 3428 qui
599 3346 774 3411 dominum
791 3366 892 3410 suum
914 3347 951 3410 in
974 3347 1065 3412 bello
1081 3346 1161 3411 reli·

214 3452 373 3530 querant,
400 3465 546 3530 quorum
569 3445 716 3524 consilio
747 3446 838 3508 idem
867 3452 1024 3509 sanctam
1050 3446 1159 3510 eccle.-

214 3547 301 3608 siam
325 3545 612 3624 exhonoraverat,
630 3545 689 3627 qui
715 3553 888 3626 postremo
906 3564 976 3610 non
995 3547 1039 3609 ob
1054 3544 1159 3608 'aliud

213 3644 298 3726 ipsis
325 3644 623 3708 Londoniensibus
652 3642 768 3707 favere
791 3644 998 3707 videbantur
1026 3645 1093 3708 nisi
1120 3650 1160 3708 ut

213 3763 273 3807 eos
288 3744 444 3825 pecuniis
460 3742 707 3824 emungerent!

215 4081 421 4202 Srnfflbggm]
452 4083 501 4144 E.;
524 4081 627 4132 omitted
650 4083 677 4132 iu
701 4081 748 4202 ΒΞ
759 4077 879 4150 Offerre]
898 4083 948 4145 E.;
970 4083 1069 4145 afferre,
1086 4081 1115 4132 S.
1127 4082 1163 4132 D.
