3140 4974
202 509 354 589 crn.1v.]
435 523 548 570 ensra
572 522 697 570 annun
723 521 935 569 ancnonun.
1089 507 1155 571 593

205 679 341 762 eximiis
355 678 522 742 militibus
537 678 631 742 solus
642 697 730 761 pene
742 685 955 742 remanserat
966 685 1154 760 superstes.
1168 709 1264 749 Bada..

207 780 265 844 Ita
282 778 445 844 recreatis
470 779 593 842 animis
613 778 680 842 iter
692 779 815 854 moliti,
831 777 1058 860 undecunque
1074 778 1154 842 belli
1166 760 1319 850 {llfflmu'

206 879 408 943 occasiones
440 879 653 960 quaerebant.
701 877 817 941 Sensit
842 878 936 940 sitim
967 876 1155 941 furentium

206 979 318 1061 prima
332 978 508 1041 Tortnosa
530 977 676 1056 civitas3
700 996 770 1058 qua
785 995 933 1059 pervasa
955 985 990 1040 et
1010 976 1156 1061 direpta,

205 1097 276 1142 non
310 1076 482 1140 modicum
512 1077 707 1160 praeteritas
742 1095 914 1139 aerumnas
945 1076 1155 1140 relevarunt.

208 1175 354 1241 Indead
371 1177 552 1258 angustias
577 1176 619 1238 do
637 1177 762 1258 quibus
785 1175 942 1258 superius
965 1175 1039 1238 dixi
1053 1196 1156 1241 vene*

208 1283 300 1352 runt,
318 1277 378 1339 ubi
394 1295 454 1341 eos
476 1295 539 1340 rex
557 1274 766 1359 jampridem
788 1276 1019 1358 operiebatur,
1037 1283 1158 1339 contra

208 1376 354 1452 TureoS,
372 1377 402 1438 si
416 1375 597 1458 probibere
614 1375 755 1450 vellent,
772 1394 872 1456 opem
887 1375 1035 1438 laturus
1070 1376 1157 1459 Ejus

208 1476 338 1539 virtute
353 1474 495 1552 defensi,
511 1481 545 1538 et
560 1475 710 1555 benigno
727 1473 819 1556 apud
834 1473 857 1536 J
860 1493 984 1556 oppam
1006 1474 1158 1557 hospitio

207 1575 371 1658 suseepti,
384 1572 632 1656 lerosolymam
650 1574 808 1656 proximo
824 1573 962 1636 Pascha
975 1575 1159 1637 contende-

210 1681 310 1754 runt3
342 1675 402 1737 ubi
424 1680 685 1738 sacrosanctum
709 1674 826 1754 ignem
855 1673 945 1736 laetis
968 1673 1158 1737 hauserunt

209 1775 331 1850 oeulis,
347 1773 481 1837 devotis
504 1773 694 1836 adorarunt
713 1773 849 1836 animis.
903 1772 991 1835 Post
1006 1773 1081 1836 baec
1104 1793 1158 1836 re-

210 1875 301 1936 versi
316 1873 339 1936 J
342 1893 479 1957 oppam,
493 1873 645 1936 ascensis
669 1873 829 1948 navibus,
846 1873 996 1955 patriam
1011 1872 1158 1956 quisque

210 1992 309 2036 suam
334 1972 444 2035 redire
474 1971 726 2036 meditabatur:
758 1990 904 2052 quorum
928 1970 1158 2048 PictavensiS‚

210 2073 375 2136 continua
404 2073 499 2138 venti
528 2070 760 2153 prosperitate
785 2076 981 2152 provectus,
1009 2071 1158 2152 patriam

211 2173 325 2235 tenuit
338 2191 347 2250 3
371 2172 487 2235 caeteri
502 2177 595 2234 retro
611 2170 780 2234 violenter
793 2171 874 2233 acti.

265 2270 283 2354 ᾗ
298 2269 375 2334 384.
398 2269 422 2333 J
425 2289 481 2334 am
494 2289 577 2333 vero
595 2261 712 2333 mense
729 2269 826 2332 Maio
845 2262 1056 2344 linchoante,
1068 2269 1157 2332 Tur·
1172 2292 1308 2332 assuras«.

210 2369 243 2433 ci
270 2377 305 2434 et
331 2368 465 2434 Arabes
496 2369 681 2432 Remulam
716 2368 936 2444 obsederunt,
971 2368 1157 2450 superioris
1172 2343 1320 2433 'idididiiy'

212 2470 294 2536 anni
308 2470 483 2546 damnum,
495 2469 577 2533 novi
591 2467 764 2532 exercitus
776 2468 1028 2550 supplemento,
1040 2468 1159 2532 eodem

212 2568 403 2633 reficientes
428 2587 581 2632 numero.
634 2567 828 2650 Episcopus
850 2567 958 2644 urbis,
974 2567 1161 2649 prudenter

214 2668 473 2751 opportunitate
499 2673 667 2749 spectata,
695 2667 790 2731 eavit
816 2667 882 2730 sibi
903 2667 991 2745 loco,
1011 2667 1034 2730 J
1037 2686 1161 2750 oppam

214 2768 363 2832 latenter
376 2767 563 2850 profectus.
614 2766 765 2849 Jamque
779 2787 843 2830 rex
858 2765 1004 2843 exierat,
1019 2767 1162 2830 credens

216 2866 303 2932 salso
315 2868 547 2931 asserentibus
563 2885 633 2932 non
648 2885 723 2930 esse
734 2867 851 2930 hostes
865 2866 1049 2950 plusquam
1061 2865 1161 2948 quin-

215 2974 359 3048 gentos:
382 2967 501 3048 itaque
525 2985 588 3029 nec
615 2966 723 3029 aciem
751 2965 912 3046 dirigere,
938 2984 1001 3028 nec
1028 2964 1161 3047 pedites

217 3085 407 3130 convocare
435 3065 583 3141 curavit,
605 3070 740 3127 tanturn
765 3065 891 3128 milites
919 3083 1036 3144 regem
1064 3063 1162 3146 sequi

216 3167 409 3229 cornicines
424 3169 656 3240 monuerunt3
679 3162 827 3225 multum
851 3161 970 3225 amicis
988 3162 1163 3225 suadenti-

217 3265 281 3328 bus
297 3272 337 3326 ut
350 3262 544 3325 Turcorum
558 3259 697 3323 fraudes
714 3267 863 3324 caveret.
902 3259 1068 3342 Stephani
1083 3261 1163 3336 due,

218 3362 394 3430 Blesensis
426 3368 461 3424 et
487 3360 710 3440 Burgundus,
738 3378 855 3440 regem
881 3361 978 3441 equis
1006 3358 1164 3436 insecuti,

218 3481 262 3525 ne
289 3459 423 3524 desides
450 3467 485 3526 et
508 3459 658 3541 inglorii,
687 3457 749 3522 sed
779 3458 997 3540 triumphalis
1029 3477 1165 3540 pompae

217 3553 375 3637 'conscii
393 3567 502 3624 terras
526 3565 721 3642 repeterent
734 3577 836 3637 suas3
860 3560 920 3622 sed
941 3557 1044 3621 aliam
1061 3577 1165 3641 quam

217 3660 449 3742 opinabantur
471 3659 629 3741 gloriam,
654 3659 759 3721 aliam
774 3659 969 3733 victoriam,
993 3660 1166 3741 parabant

219 3759 294 3822 fata
310 3759 405 3824 viris.
458 3758 620 3840 Namque
645 3776 721 3835 ren,
735 3758 811 3822 visa
833 3758 985 3822 hostium
1010 3757 1167 3821 multitu-

221 3858 312 3935 dine,
342 3859 423 3921 dum
449 3877 487 3922 se
509 3856 713 3921 frustratum
739 3857 901 3939 opinione
933 3863 1167 3938 cognosceret,

220 3956 272 4020 ira
296 3965 445 4021 mentem
469 3957 620 4033 sancius,
653 3963 689 4019 et
712 3957 1008 4038 magnanimitatis
1036 3955 1168 4018 consci-

257 4227 265 4259 ¹
278 4223 432 4295 lachauata]
447 4228 477 4277 S.
485 4228 515 4278 C.
527 4228 562 4277 D.
572 4230 603 4277 Ε.
613 4244 620 4289 ;
632 4243 683 4277 me·
743 4227 754 4257 ²
766 4225 887 4296 Conscia]
899 4229 933 4281 A.
943 4231 971 4280 S.
982 4231 1012 4279 C.
1020 4231 1055 4279 D.
1066 4232 1095 4280 Ε.
1104 4231 1172 4300 [¹¹23

219 4300 316 4362 diante,
326 4299 360 4348 A.
373 4299 403 4347 L.
707 4301 827 4361 consocii,
839 4301 893 4350 ba.
1156 4303 1158 4307 ’
