3140 4974
243 3437 338 3477 Account
347 3439 370 3478 of

245 3489 335 3537 Godlrey
344 3491 368 3529 ol

245 3537 349 3578 Bouillon.

392 485 457 550 572
608 500 721 546 casua
747 498 873 546 nncuu
896 497 1111 547 nuenonuu.
1187 485 1338 564 [nrarv.

393 659 544 728 biterent
569 656 768 733 subsistere,
791 656 851 719 ubi
872 655 929 719 vel
956 655 1119 737 pestifero
1144 655 1344 721 afflarentur

396 776 475 820 aere
488 756 543 819 vel
562 756 767 819 Saracenica
788 754 1026 819 occiderentur
1050 755 1157 818 rabie.
1209 754 1344 821 Cedant

397 875 480 937 ergo
496 862 676 937 poetarum
693 855 888 936 praeconia3
912 873 976 918 nec
990 853 1123 935 priscos
1145 853 1268 918 heroas
1286 875 1345 919 ve-

400 963 455 1018 tus
478 953 617 1018 attollat
639 953 767 1017 sabula.
821 952 919 1016 Nihil
938 972 1091 1035 unquam
1106 952 1228 1017 horum
1249 955 1345 1017 laudi

399 1054 629 1135 comparabile
648 1053 721 1116 ulla
742 1071 891 1133 genuere
913 1053 1049 1116 secula:
1074 1071 1166 1129 nam,
1184 1061 1219 1116 et
1233 1053 1346 1135 siqua

400 1152 536 1217 illorum
559 1151 625 1216 fuit
641 1152 761 1228 virtus,
785 1150 822 1213 in
849 1150 1082 1233 sepulchrales
1107 1150 1244 1215 favillas
1265 1161 1345 1234 post

401 1256 545 1315 inortem
557 1251 718 1330 evannit;
733 1249 825 1333 quod
836 1251 951 1332 potius
968 1250 1003 1312 in
1015 1250 1199 1313 mundialis
1210 1270 1345 1333 pompae

400 1349 544 1428 fumum,
555 1369 658 1432 quam
671 1349 708 1412 in
725 1349 830 1412 ullius
840 1349 921 1411 boni
935 1348 1095 1424 solidum,
1112 1348 1220 1412 effusa
1231 1349 1346 1413 fuerit.

403 1449 555 1512 Istorum
579 1457 695 1512 autem
720 1447 930 1512 fortitudinis
952 1448 1120 1511 sentietur
1143 1449 1288 1526 utilitas,
1311 1455 1347 1512 et

403 1547 605 1610 ostendetur
619 1546 784 1628 dignitas,
802 1547 965 1628 quamdiu
989 1546 1081 1610 orbis
1096 1547 1295 1610 volubilitas
1311 1555 1347 1611 et

404 1653 525 1708 sancta
541 1646 671 1726 vigebit
686 1643 942 1710 christianitas.
994 1644 1087 1723 Quid
1110 1665 1192 1709 vero
1214 1645 1256 1708 de
1279 1647 1348 1710 dis·

404 1743 533 1825 ciplina
563 1751 598 1808 et
627 1745 837 1808 abstinentia
867 1745 974 1809 totius
1006 1743 1179 1808 exercitus
1207 1745 1346 1808 dicam?

406 1842 516 1905 Nulla
537 1843 584 1906 ibi
596 1843 727 1907 ventris
747 1843 931 1925 ingluvies
955 1843 1051 1906 nulla
1067 1843 1133 1906 fuit
1147 1845 1245 1924 penis
1267 1844 1347 1907 illu-

405 1940 490 2019 vieS,
517 1962 596 2024 quae
618 1961 687 2005 non
710 1943 875 2007 continuo
896 1943 952 2006 vel
976 1942 1101 2005 ducum
1128 1935 1352 2006 ¹auctoritate

405 2041 462 2104 vel
490 2041 728 2123 episcoporum
752 2061 909 2105 sermone
938 2041 1178 2122 corrigeretur.
1241 2041 1350 2106 Nulla
1382 2043 1386 2051 “

405 2139 584 2221 praedandi
598 2160 660 2223 per
675 2148 786 2204 terras
800 2139 1073 2204 Christianorum
1088 2140 1212 2222 cupido
1224 2161 1233 2220 3
1256 2140 1353 2204 nulla

406 2239 497 2302 inter
512 2259 549 2303 se
566 2241 802 2303 controversia
816 2258 893 2321 quae
912 2258 981 2302 non
997 2237 1109 2315 facile,
1124 2240 1350 2303 mediatorum

403 2336 559 2420 judicum
591 2338 800 2420 cognitione,
832 2337 1052 2401 recideretur.
1116 2337 1351 2421 Quapropter,

407 2436 490 2518 quia
515 2445 586 2500 tam
609 2436 759 2500 ordinati
782 2437 956 2500 exercitus
977 2438 1054 2500 laus
1071 2435 1114 2499 ad
1129 2437 1351 2520 praelatorum

408 2535 577 2598 redundat
593 2536 751 2616 gloriam,
773 2536 988 2618 singulorum
1009 2553 1189 2618 procerum
1201 2535 1295 2601 facta
1317 2545 1352 2601 et

409 2634 526 2696 exitus
549 2635 678 2716 scripto
701 2634 907 2716 insigniam;
934 2635 1199 2717 necquicquam
1213 2637 1352 2699 veritati

407 2733 596 2796 secundum
621 2733 808 2797 relatorum
832 2753 985 2797 meorum
1007 2734 1245 2800 credulitatem
1271 2736 1351 2798 sub-

407 2830 554 2895 traham.
607 2831 736 2895 Nullus
752 2851 847 2909 vero,
861 2833 917 2896 cui
934 2833 1080 2914 amplior
1097 2835 1256 2914 provenit
1273 2853 1350 2915 ges·

407 2936 521 2993 torum
552 2929 688 3008 notitia,
714 2950 769 2994 me
790 2950 854 3013 pro
886 2932 1059 2996 incurioso
1088 2939 1233 3013 arguat;
1270 2934 1352 3014 quia

407 3035 504 3092 trans
531 3048 697 3093 oceanum
727 3030 966 3094 Britannicum
997 3030 1134 3094 abditos
1162 3032 1224 3094 vix
1256 3033 1351 3095 tenui

406 3147 579 3193 murmure
598 3150 710 3193 rerum
729 3128 938 3193 Asianorum
952 3129 1044 3194 lama
1059 3130 1222 3194 illustrat.

734 3321 782 3366 DE
805 3320 1020 3368 conurulno.

458 3426 573 3509 5373.
607 3426 749 3490 Initium
778 3446 861 3508 ergo
887 3424 1028 3488 laudum
1058 3444 1120 3487 rex
1146 3423 1353 3488 Godelridus

407 3517 586 3606 ²occupat,
603 3526 662 3607 qui
688 3525 868 3590 Eustachii
891 3525 1026 3588 comitis
1047 3524 1288 3600 Bononiensis
1310 3524 1353 3587 de

406 3642 475 3704 quo
500 3631 652 3706 tempore
678 3626 770 3706 regis
785 3623 947 3688 Edwardi
964 3623 1051 3699 dixi,
1069 3622 1172 3700 filius,
1196 3629 1352 3686 materno

407 3724 631 3787 excellentior
655 3744 792 3805 genere,
821 3724 865 3788 ad
884 3722 1008 3787 Karoli
1034 3722 1151 3803 magni
1172 3723 1353 3802 spectabat

405 3820 543 3886 lineam.
596 3823 771 3906 Siquidem
787 3830 909 3900 mater,
923 3822 988 3886 Ida
1004 3821 1154 3896 nomine,
1172 3819 1352 3883 Godelridi

406 3922 540 4005 antiqui
570 3922 860 4003 Lotharingorum
891 3921 988 3986 ducis
1018 3920 1101 3997 lilia,
1133 3919 1255 3982 habuit
1284 3919 1351 3983 fra-

439 4194 632 4258 ¹AuctoritoteJ
651 4197 680 4245 S.
693 4196 727 4244 D.
741 4195 772 4243 Ε.
782 4210 790 4255 ;
808 4208 866 4243 aus·
925 4186 1079 4260 ²Occupot.]
1097 4195 1130 4242 A.
1152 4194 1182 4242 C.
1200 4193 1235 4242 D.
1253 4193 1285 4243 E.
1303 4193 1351 4252 L.;

401 4266 509 4327 teritate,
520 4267 551 4314 L.
887 4263 991 4312 omitted
1003 4263 1028 4311 in
1041 4262 1070 4311 S.
