3148 4982
376 443 441 508 508
553 507 554 510 ,
592 444 706 510 cns'm
730 461 856 510 ancum
881 461 1095 509 huononuu.
1178 443 1333 526 [uram.

378 618 478 682 Tunc
508 619 643 701 aliquot
673 620 768 683 horis
794 613 1030 682 lantelucauis
1063 617 1219 681 nonnihil
1243 619 1332 700 vigi-

282 769 285 773 .
380 719 499 781 latum.
554 719 665 783 Paulo
682 727 773 801 post,
789 739 865 782 cum
877 719 951 801 jam
969 717 1107 782 Aurora
1124 717 1213 780 diem
1236 718 1332 782 inve·

379 811 460 880 here
493 818 730 894 meditaretur,
761 819 950 881 monachus
982 816 1122 899 quidam
1159 824 1330 880 transma-

380 918 475 979 rinus
497 917 616 981 retulit
642 917 797 980 Roberto
826 917 897 980 filio
924 916 1109 992 Hamonis,
1130 917 1205 979 viro
1233 936 1329 997 mag-

381 1023 501 1079 natum
528 1017 688 1099 principi,
715 1017 884 1105 somnium
901 1016 993 1096 quod
1018 1015 1136 1078 eadem
1163 1021 1265 1079 nocte
1288 1016 1330 1079 de

383 1123 465 1196 rege
496 1115 642 1192 viderat,
673 1116 797 1178 mirum
829 1101 875 1179 et
899 1114 1125 1178 horrendum:
1159 1114 1262 1193 Quod
1293 1116 1329 1178 in

381 1213 554 1296 quandam
588 1214 771 1278 ecclesiam·
801 1222 956 1291 venerat,
984 1215 1133 1295 superbo
1168 1221 1269 1295 gestu
1295 1223 1331 1278 et

380 1313 556 1390 insolenti,
585 1320 624 1377 ut
647 1298 804 1390 solebatss'
826 1299 1091 1377 circumstantes
1125 1312 1328 1395 despiciens
1408 1386 1412 1390 ,

381 1413 493 1489 Tunc,
518 1412 722 1476 crucifixum
748 1412 919 1476 mordicus
940 1413 1224 1494 apprehendens,
1248 1414 1328 1476 bra-

371 1511 460 1573 chia
476 1511 527 1573 illi
542 1513 737 1588 corroserit,
754 1531 856 1574 crura
869 1532 957 1594 pene
974 1513 1199 1575 truncaverit.
1241 1511 1329 1575 Cru-

381 1610 524 1674 cifixum
538 1610 597 1674 diu
613 1612 791 1688 tolerasse,
810 1611 869 1674 sed
886 1611 1024 1674 tandem
1047 1613 1135 1692 pede
1149 1612 1200 1674 ita
1213 1631 1329 1692 regem

380 1709 552 1791 depulisse
566 1716 605 1772 ut
619 1711 762 1792 supinus
775 1711 935 1775 caderet:
960 1730 1005 1773 ex
1020 1730 1078 1773 ore
1089 1710 1239 1793 jacentis
1255 1719 1325 1774 tam

380 1808 522 1872 effusam
553 1809 726 1872 flammam
747 1810 873 1887 exisse,
891 1804 948 1872 ²ut
970 1805 1160 1873 fumeorum
1183 1810 1328 1873 volumi·

380 1927 462 1970 num
485 1909 585 1972 orbes
611 1910 714 1972 etiam
739 1908 853 1972 sidera
874 1909 1077 1972 lamberent.
1130 1908 1211 1972 Hoc
1235 1928 1327 1972 som·

380 2008 475 2069 nium
492 2008 667 2071 Robertus
687 2026 756 2071 non
773 2008 1017 2090 negligendum
1040 2009 1239 2084 arbitratus,
1254 2010 1328 2089 regi

379 2107 571 2180 confestim,
588 2106 679 2188 qnod
703 2109 732 2171 ei
752 2127 773 2169 a
787 2108 929 2170 secretis
953 2114 1040 2183 erat,
1055 2106 1192 2171 intulit:
1217 2107 1326 2171 atille

378 2205 564 2269 cachinnos
585 2206 814 2288 ingeminans
837 2205 1077 2283 ‘Monachus'
1091 2207 1214 2288 inquit,
1237 2212 1246 2240 ‘
1260 2214 1325 2284 est,

378 2311 413 2368 et
428 2324 536 2368 causa
551 2325 767 2368 nummorum
785 2305 1036 2368 monachaliter
1051 2307 1201 2369 somniat
1214 2326 1222 2382 ;
1247 2305 1327 2370 date

380 2404 411 2466 ei
437 2411 574 2467 centum
599 2405 751 2468 solidos!
803 2404 955 2468 Multum
978 2411 1094 2467 tamen
1119 2412 1245 2482 motuS,
1267 2404 1326 2468 diu

380 2509 563 2566 cunctatus
579 2511 632 2566 est
646 2523 691 2566 an
714 2503 749 2565 in
773 2503 908 2585 sylvam
924 2503 1015 2566 sicut
1034 2504 1228 2567 intenderat
1250 2504 1327 2581 iret,

379 2600 606 2664 suadentibus
636 2603 755 2665 amicis
779 2622 823 2664 ne
853 2622 916 2666 sno
942 2601 1121 2684 dispendio
1145 2603 1326 2667 veritatem

381 2701 590 2763 somniorum
608 2703 834 2782 experiretur.
888 2701 1013 2782 Itaque
1036 2709 1117 2764 ante
1139 2703 1253 2766 cibum
1266 2723 1326 2765 ve-

379 2806 466 2862 natu
490 2800 671 2876 abstinuit,
693 2800 792 2863 seriis
815 2801 964 2881 negotiis
981 2795 1202 2865 ³cruditatem
1227 2801 1325 2865 indo-

378 2899 471 2960 mitae
495 2900 620 2962 mentis
647 2906 853 2977 eructuans;
881 2899 1009 2976 ierunt,
1032 2918 1073 2962 ea
1102 2900 1157 2964 die
1182 2901 1326 2981 largiter

378 2997 568 3079 epulatum,
584 2997 812 3061 crebrioribus
835 3017 938 3079 quam
952 3006 1180 3062 consueverat
1193 2999 1326 3082 poculis

377 3095 524 3160 frontem
556 3115 746 3160 serenasse.
801 3097 889 3160 Mox
915 3096 1022 3177 igitur
1052 3106 1132 3180 post
1154 3099 1265 3162 cibum
1288 3099 1325 3160 iu

376 3196 503 3260 saltum
528 3195 716 3273 contendit,
734 3197 856 3279 paucis
872 3198 1079 3276 comitatus;
1105 3217 1250 3278 quorum
1273 3197 1325 3259 fa·

375 3295 628 3358 miliarissimus
653 3303 728 3358 erat
742 3289 946 3359 ⁴Walterius
972 3303 1201 3384 cognomento
1217 3296 1324 3374 Tirel,
1391 3360 1395 3367 ,

409 3471 611 3544 ²Antelucanis.]
635 3475 669 3526 A.
692 3477 721 3526 S.
746 3479 776 3527 C.
800 3479 833 3528 D.
862 3477 969 3536 ceived;
984 3476 1031 3542 but
1048 3476 1166 3538 Suger,a
1182 3481 1325 3538 contempo-

374 3547 398 3593 E
406 3549 430 3595 2.
443 3546 491 3605 1..;
508 3546 695 3607 antelucanum,
706 3547 731 3594 E
741 3551 764 3596 l.
861 3561 920 3607 rary
932 3545 1062 3606 historiam
1073 3546 1132 3607 aud,
1147 3561 1176 3594 as
1195 3547 1215 3594 it
1233 3560 1324 3609 seems,

408 3612 419 3642 ²
433 3615 610 3674 Utfumeoram
622 3651 628 3664 .
642 3650 648 3664 .
662 3651 669 3665 .
681 3610 834 3684 lamberent]
861 3629 877 3664 a
895 3615 976 3664 friend
996 3615 1024 3664 of
1038 3615 1115 3677 Tirel,
1133 3616 1159 3662 in
1172 3616 1212 3664 his
1223 3615 1279 3664 Life
1299 3617 1328 3665 of

373 3684 402 3734 S.
417 3685 446 3734 Ο.
460 3685 495 3734 D.
507 3687 540 3734 E.
553 3685 600 3744 L.;
617 3690 646 3733 ut
656 3685 720 3733 lumi
735 3687 833 3747 magni-
861 3685 939 3733 Leuis
961 3684 985 3732 le
1003 3684 1070 3734 Gros
1091 3685 1155 3746 king
1172 3685 1201 3734 of
1217 3686 1324 3747 France,

371 3755 434 3803 tudo
445 3756 521 3803 etiam
533 3754 832 3816 sideraobnubilaret,A.
861 3754 976 3816 alluding
990 3758 1016 3802 to
1033 3753 1076 3802 the
1093 3754 1170 3803 death
1186 3754 1215 3802 of
1229 3754 1324 3816 Rufus,

406 3821 609 3886 ³[tantitatem]
626 3822 660 3872 A.
677 3824 712 3872 D.
733 3825 765 3873 E.
784 3825 833 3886 la,
860 3825 987 3884 observes,
1008 3822 1204 3884 ‘Imponebatur
1229 3839 1245 3872 a
1267 3825 1323 3884 qui-

370 3892 554 3953 crudelitatem‚
566 3893 595 3942 S.
609 3894 638 3942 G.
859 3893 966 3942 busdam
985 3893 1087 3941 cuidam
1103 3893 1182 3941 nobili
1198 3892 1324 3942 Gualtero

405 3960 414 3988 ⁴
430 3963 564 4011 Walteriua
578 3965 731 4024 cognomen
743 3961 831 4024 ruet]
858 3962 1098 4023 Tyrelloquodeum
1105 3962 1322 4023 sagittapersode·

369 4029 422 4080 The
433 4032 553 4081 tradition
569 4032 598 4079 ol
606 4032 717 4079 William
738 4031 831 4092 having
857 4037 911 4080 rat:
929 4046 1013 4092 quem,
1028 4046 1086 4079 cum
1102 4046 1148 4080 nec
1166 4033 1264 4079 timeret
1275 4046 1321 4079 nec

369 4106 419 4148 met
430 4101 470 4149 his
481 4101 558 4150 death
575 4101 609 4162 bv
620 4100 662 4150 the
673 4100 741 4156 hand
754 4100 782 4149 of
791 4102 831 4148 Sir
857 4107 979 4161 speraret,
986 4102 1153 4162 jurejurando
1165 4102 1261 4161 uaepius
1276 4115 1323 4149 au-

368 4169 465 4218 Walter
483 4172 561 4231 Tirel‚
575 4171 662 4219 whilst
680 4170 787 4231 hunting
804 4172 829 4217 in
856 4171 966 4219 divimus
983 4173 1057 4231 quasi
1076 4160 1264 4218 sacrosanctum
1279 4185 1319 4218 as-

367 4237 409 4286 the
422 4241 488 4287 New
500 4241 596 4300 Forest,
608 4241 630 4287 is
650 4240 779 4300 generally
790 4255 828 4288 re·
857 4240 1163 4302 serere,qu0deadieuec
1171 4240 1256 4288 ineam
1265 4255 1324 4300 par-
