3140 4974
213 465 352 546 mnu]
437 483 552 532 cesrr
578 484 706 533 arcun
730 487 948 536 lucrorum
1100 477 1166 542 623

216 648 331 706 tractu
364 642 544 722 regionum
572 641 718 721 diffusa3
751 643 869 724 itaque
894 643 953 707 diu
979 644 1165 710 seditiones

217 741 401 805 intestinas
426 741 533 823 probe
557 741 696 817 tolerat,
714 748 749 804 et
775 745 860 824 pace
885 741 1021 807 reddita
1041 744 1078 806 in
1099 744 1165 809 foe-

216 841 414 904 cundiorem
441 846 571 904 statum
603 847 738 904 mature
772 842 935 922 resurgit,
967 843 1164 908 turbatores

216 957 298 1002 suos
311 939 405 1003 illius
419 939 608 1021 provinciae
622 939 750 1003 diffisos
765 960 843 1003 cum
854 941 994 1005 libuerit
1005 942 1041 1004 in
1055 942 1165 1005 Fran.

218 1039 307 1101 ciam
332 1039 450 1102 liberis
474 1038 686 1102 anfractibus
716 1040 885 1103 emittens.
939 1038 1072 1104 Contra
1089 1039 1164 1105 An-

218 1137 290 1218 glia
306 1157 370 1200 nec
385 1138 444 1200 diu
467 1137 610 1201 infestos
626 1138 770 1220 patitur,
793 1137 853 1202 sed
874 1140 979 1202 semel
1002 1140 1096 1202 intra
1118 1141 1165 1203 si-

217 1256 300 1298 num
315 1255 416 1300 suum
431 1243 588 1319 receptos
603 1237 659 1300 vel
675 1237 781 1313 dedit,
795 1238 851 1301 vel
867 1239 1063 1318 extinguit;
1087 1258 1162 1317 nec,

216 1335 440 1418 populatibus
456 1337 589 1412 attrita,
607 1336 799 1400 redivivum
815 1336 884 1400 cito
900 1344 1005 1420 caput
1020 1337 1162 1402 attollit.

218 1432 391 1511 Quocirca
413 1435 665 1498 Normanniam
686 1435 942 1499 Belesmitanus
957 1437 1111 1513 veniens,
1127 1444 1163 1501 et

216 1540 299 1597 tunc
322 1541 359 1598 et
385 1535 546 1616 deinceps
573 1534 695 1599 habuit
718 1533 954 1615 malignitatis
970 1553 1043 1598 suae
1068 1555 1162 1598 com-

216 1632 335 1715 plices,
362 1639 397 1696 et
421 1631 483 1718 (ne
508 1653 630 1716 parum
655 1631 847 1718 videretur)
868 1633 988 1698 illices.
1042 1633 1085 1697 In
1108 1634 1162 1698 his

217 1732 501 1797 eratWillelmus
527 1751 642 1796 comes
672 1731 860 1809 Moretolii‚
884 1733 975 1796 filius
1002 1733 1161 1811 Roberti,

217 1831 310 1912 regis
324 1832 453 1912 patrui.
505 1832 542 1895 Is
568 1851 702 1914 semper
716 1851 738 1895 a
757 1851 864 1914 puero
880 1829 1026 1895 Henrici
1041 1833 1162 1914 gloriae

217 1930 367 2007 invidus,
382 1937 457 1993 tum
474 1931 625 1995 maxime
640 1931 677 1994 in
702 1931 853 1994 adventu
870 1930 1066 1994 Normanni
1080 1951 1162 2013 pra·

216 2049 297 2092 vum
323 2030 475 2093 animum
496 2031 644 2094 extulit:
671 2050 742 2093 non
766 2031 856 2093 enim
872 2036 1056 2093 contentus
1075 2030 1162 2094 duo·

216 2129 281 2192 bus
298 2129 529 2206 comitatibus,
540 2129 717 2193 Moretolii
732 2130 768 2192 in
783 2128 1011 2205 Normannia,
1027 2127 1162 2192 Cornu·

202 2228 332 2309 ‚galliae
354 2229 390 2290 in
405 2226 548 2310 Anglia,
568 2229 770 2292 comitatum
788 2226 936 2303 Cantiae,
959 2246 1061 2309 quem
1084 2227 1162 2292 Odo

215 2332 361 2408 patruus
385 2327 566 2405 habuerat,
592 2347 614 2391 a
639 2347 722 2408 rege
745 2327 927 2408 exigebat3
959 2326 1105 2390 infestus
1128 2336 1163 2391 et

215 2425 391 2507 improbus
407 2427 506 2504 adeo,
523 2435 562 2491 ut
578 2425 697 2490 infami
713 2427 912 2508 arrogantia
928 2443 966 2490 se
982 2426 1163 2490 devotaret

214 2545 285 2589 non
301 2525 501 2589 induturum
511 2525 728 2608 chlamydem
742 2526 810 2589 nisi
833 2544 855 2588 a
877 2532 1002 2606 patruo
1017 2524 1075 2611 (ut
1089 2524 1161 2588 die-

214 2621 358 2708 titabat)
374 2626 440 2688 sibi
463 2625 614 2690 refusam
630 2632 898 2708 consequeretur
912 2624 1160 2689 haereditatem.

215 2722 283 2786 Sed
308 2730 390 2787 tuuc
415 2724 566 2806 quidem,
591 2726 752 2806 suspensi
777 2724 968 2788 calliditate
992 2724 1161 2806 responsi,

215 2823 401 2888 frustratus
416 2831 471 2887 est
484 2843 548 2886 rex
564 2823 852 2906 prudentissimus
874 2823 1067 2888 hominem:
1091 2824 1161 2887 dis-

215 2922 325 2985 cussis
338 2942 421 3004 vero
444 2923 651 2999 turbinibus,
668 2917 875 3004 ³serenoque
896 2923 993 3004 pacis
1014 2922 1161 3000 reddito,

213 3040 282 3084 nou
299 3023 411 3086 solum
427 3042 505 3104 quae
529 3024 670 3104 petebat
692 3041 762 3085 non
785 3021 918 3098 annuit,
934 3023 1161 3084 verumetiam

214 3120 364 3184 indebite
388 3126 525 3184 retenta
546 3126 701 3202 repetere
720 3118 849 3201 coepit3
873 3120 1027 3183 modeste
1043 3127 1161 3182 tamen

213 3226 248 3281 et
260 3218 419 3301 judiciali
429 3219 570 3300 placito,
583 3224 623 3281 ut
637 3217 722 3280 nihil
738 3218 829 3298 quod
844 3217 973 3282 faceret
988 3217 1162 3281 videretur

213 3317 381 3380 resultare
394 3317 465 3400 juri
483 3323 518 3380 et
534 3317 713 3380 calcitrare
738 3317 782 3379 ab
797 3335 909 3397 aequo.
960 3317 1060 3380 Tunc
1077 3336 1160 3381 vero
1174 3336 1228 3376 an.
1239 3338 1294 3377 1104.

212 3416 423 3493 WillelmuS,
448 3417 621 3480 sententia
630 3414 752 3498 judicii
769 3422 976 3495 expunctus
999 3417 1159 3497 indigna-

212 3515 349 3578 bundus
365 3523 401 3579 et
413 3515 562 3580 fremens
573 3515 826 3579 Normanniam
841 3515 948 3579 abiit:
964 3516 1024 3592 ibi,
1034 3522 1161 3599 praeter

213 3615 365 3678 assultus
392 3635 479 3698 quos
503 3616 609 3697 regiis
638 3614 790 3678 castellis
814 3614 933 3678 irritus
957 3614 1097 3692 fecerat,
1122 3615 1160 3680 in

212 3713 402 3777 Ricardum
417 3735 555 3797 quoque
571 3715 731 3778 comitem
749 3712 980 3790 Castrensem,
996 3713 1160 3795 Hugonis

212 3811 332 3890 filium,
359 3813 603 3892 debacchatus,
628 3813 796 3876 nonnulla
817 3813 973 3895 partibus
999 3813 1075 3896 ejus
1098 3832 1160 3894 ap-

211 3913 370 3993 pendicia
384 3913 525 3990 invasit,
543 3914 685 3996 carpsit,
701 3913 843 3976 abrasit.
895 3912 982 3975 Erat
1000 3911 1059 3975 ille
1076 3920 1158 3975 tunc

210 4032 274 4093 pro
297 4018 401 4075 aetate
425 4013 604 4094 parvulus,
619 4018 654 4077 et
676 4013 768 4094 regis
792 4011 872 4075 fidei
893 4011 1080 4092 tutelaeque
1103 4029 1160 4074 ac·

211 4111 459 4175 commodatus,

238 4259 244 4290 ¹
255 4263 390 4326 Serenoqac
398 4262 467 4326 pacis
477 4261 594 4326 reddita]
607 4263 637 4322 C,
646 4263 682 4311 D.
692 4263 724 4312 E.
733 4262 763 4311 L.
773 4277 781 4323 3
797 4276 935 4323 serenaque
942 4275 1005 4322 pace
1014 4261 1122 4322 reddita,
1132 4260 1160 4310 S.
