3148 4982
422 463 489 526 498
639 481 752 531 casua
776 479 902 527 aucun
927 478 1140 526 nnunonun.
1221 463 1306 544 [mn.
1323 480 1372 526 ιν.

417 637 591 719 baturque
618 639 758 702 tandem
787 637 908 712 honor,
940 643 979 698 ut
1009 637 1059 698 ita
1090 634 1214 710 dicam,
1245 635 1368 712 nudus,

378 765 380 768 ·
422 755 548 818 magno
575 745 692 801 tamen
718 743 866 818 emptus.
918 734 1008 797 Haec
1031 753 1072 796 eo
1096 733 1292 814 indigniora
1316 737 1368 798 vi-

421 834 602 912 debantur,
630 836 735 918 quod,
760 843 912 916 tempore
941 833 1062 915 patris,
1082 839 1162 914 post
1189 833 1369 896 decessum

422 935 573 1015 episcopi
590 935 646 999 vel
669 935 804 997 abbatis
820 953 938 997 omues
958 932 1110 995 redditus
1132 933 1268 1013 integre
1290 953 1369 996 cus-

422 1032 653 1110 todiebantur,
670 1032 910 1100 substituendo
926 1031 1057 1112 pastori
1080 1031 1290 1112 resignandi,
1306 1032 1368 1095 eli-

422 1132 662 1214 gebanturque
684 1150 840 1214 personae
864 1130 1039 1210 religionis
1064 1131 1186 1193 merito
1210 1130 1368 1194 laudabi-

422 1229 472 1292 les
486 1250 495 1308 ;
516 1237 662 1306 atvero,
680 1229 837 1313 pauculis
854 1229 954 1291 annis
971 1227 1275 1305 intercedentibus,
1296 1249 1368 1292 om-

422 1328 482 1391 nia
503 1329 697 1392 immutata.
750 1329 878 1408 Nullus
896 1328 993 1390 dives
1018 1327 1084 1388 nisi
1107 1327 1366 1405 nummularius

424 1427 539 1490 nullus
564 1428 709 1492 clericus
733 1429 798 1490 nisi
822 1426 1028 1502 causidicus,
1050 1424 1166 1487 nullus
1189 1428 1368 1508 presbyter

423 1526 489 1588 nisi
504 1523 561 1610 (ut
576 1528 682 1591 verbo
696 1545 818 1607 parum
829 1524 956 1587 Latino
970 1520 1067 1607 utar)
1079 1523 1260 1588 firmarius.
1295 1525 1365 1588 Cu·

416 1623 614 1706 juscunque
639 1624 845 1688 conditionis
869 1623 1109 1698 homunculus,
1131 1622 1367 1706 cujuscunque

422 1722 574 1786 criminis
591 1742 682 1799 reue,
692 1724 810 1786 statim
825 1728 864 1785 ut
877 1722 920 1785 de
931 1722 1027 1784 lucro
1038 1722 1130 1802 regis
1145 1723 1366 1803 appellasset,

422 1820 650 1901 audiebatur;
684 1822 729 1886 ab
753 1821 839 1903 ipsis
865 1820 1010 1884 latronis
1034 1818 1191 1882 faucibus
1218 1822 1368 1886 resolve·
1465 1851 1466 1854 ¹

421 1920 525 1983 batur
543 1921 686 2003 laqueus
714 1921 744 1984 si
768 1919 983 2001 promisisset
1001 1918 1118 1999 regale
1140 1920 1365 1983 commodum.

423 2011 564 2082 ¹Soluta
593 2020 736 2084 militari
757 2019 951 2100 disciplina,
983 2016 1129 2080 curiales
1160 2018 1366 2082 rusticorum

423 2118 637 2183 substantias
659 2118 944 2201 depascebantur,
957 2117 1182 2181 insumebant
1198 2117 1366 2195 fortunas,

402 2235 446 2280 'a
473 2218 592 2282 buccis
614 2219 816 2281 miserorum
841 2217 935 2280 cibos
963 2215 1213 2280 abstrahentes.
1265 2216 1366 2281 Tunc

423 2315 540 2379 fluxus
561 2317 718 2393 crinium,
740 2324 823 2380 tunc
851 2316 955 2379 luxus
978 2315 1138 2391 vestium,
1164 2321 1248 2379 tunc
1265 2309 1367 2381 ²usus

424 2415 617 2479 calceorum
643 2436 719 2479 curn
747 2415 898 2478 arcuatis
923 2414 1052 2478 aculeis
1074 2414 1254 2479 inventus:
1283 2417 1369 2480 mol-

423 2512 497 2578 litie
514 2516 666 2596 corporis
684 2523 817 2578 certare
833 2534 911 2578 cum
924 2513 1086 2590 foeminis
1100 2533 1257 2595 gressum
1273 2515 1367 2579 fran-

423 2631 516 2692 gere,
540 2619 641 2694 gestu
656 2613 772 2677 soluto
792 2621 827 2678 et
847 2614 956 2677 latere
980 2612 1073 2676 nudo
1094 2613 1263 2691 incedere,
1284 2616 1368 2680 ado·

423 2710 625 2775 lescentium
666 2714 840 2793 specimen
868 2719 955 2776 erat.
1017 2712 1182 2789 Enerves,
1211 2715 1366 2792 emolliti,

422 2810 514 2890 quod
526 2812 599 2875 nati
614 2809 751 2874 fuerant
759 2812 862 2876 inviti
877 2812 1080 2890 manebant3
1098 2805 1369 2893 ³expugnatores

422 2909 545 2972 alienae
563 2911 750 2991 pudicitiae,
765 2910 900 2992 prodigi
917 2929 997 2973 suae.
1051 2910 1291 2992 Sequebantur
1308 2933 1368 2976 cu-

421 3009 509 3071 riam
524 3009 812 3073 effoeminatorum
826 3028 949 3073 manus
972 3014 1007 3072 et
1021 3028 1209 3090 ganearum
1232 3032 1367 3094 greges

422 3113 461 3170 ut
489 3128 558 3171 non
592 3115 720 3173 temere
750 3129 772 3172 a
799 3109 948 3191 quodam
975 3109 1131 3189 sapiente
1158 3109 1288 3175 dictum
1310 3113 1368 3190 sit,

422 3199 573 3271 ⁴felicem
587 3208 661 3272 fore
674 3207 838 3290 Angliam
854 3209 884 3271 si
899 3207 1073 3271 Henricus
1087 3217 1267 3291 regnaret;
1284 3212 1369 3275 talia

456 3403 466 3435 ¹
485 3407 572 3455 Soluto
598 3407 704 3456 militari
725 3408 882 3472 disciplina]
908 3407 1026 3454 observes
1039 3404 1095 3452 that
1111 3403 1153 3454 the
1169 3407 1223 3454 lirst
1237 3408 1372 3474 improrer,

422 3476 546 3536 Compare
564 3477 683 3540 Eadmer,
695 3478 764 3528 Hist.
776 3479 843 3526 Nor.
855 3493 881 3538 p.
908 3476 943 3536 by
962 3474 1058 3536 adding
1075 3473 1118 3523 the
1134 3475 1195 3537 long
1210 3478 1304 3526 curved
1321 3485 1370 3528 ter·

421 3549 463 3594 94,
908 3543 1038 3605 ιηίηαὶὶοη,
1048 3558 1103 3594 was
1120 3557 1136 3591 a
1151 3545 1237 3594 fellow
1253 3546 1368 3610 (quidam

458 3611 548 3663 'Uerre
557 3615 689 3663 calceorum
707 3629 761 3663 eum
775 3614 884 3662 arcuatis
907 3608 1012 3676 nebulo)
1030 3614 1056 3660 iu
1071 3613 1113 3662 the
1133 3619 1206 3662 court
1220 3615 1249 3663 os
1257 3617 1370 3668 William

421 3683 511 3732 meu
531 3685 664 3747 investita]
681 3683 777 3732 ‘These
802 3684 885 3745 shoes,
905 3679 1002 3743 Rufus,
1012 3683 1103 3731 named
1119 3683 1232 3732 Robert'
1252 3683 1371 3752 (Sharpe,

422 3753 506 3802 which
524 3767 588 3814 gave
604 3753 721 3802 occasion
732 3753 770 3802 for
781 3754 883 3802 various
908 3768 936 3813 p.
947 3748 1017 3815 386.)

423 3823 572 3871 ordinances
592 3823 630 3870 for
651 3823 716 3871 their
742 3823 883 3884 regulation
944 3819 1154 3883 ³Expuguutorea
1165 3855 1191 3872 ...
1202 3820 1273 3882 rue]
1289 3823 1371 3876 Orde-

423 3906 452 3940 or
469 3893 589 3940 abolition
603 3892 696 3954 during
713 3892 811 3941 several
827 3906 884 3940 suc·
908 3891 977 3939 ricus
983 3891 1076 3939 Vitalis
1086 3905 1206 3940 censuras
1214 3893 1255 3942 the
1264 3894 1371 3960 French,

366 3959 379 3984 ⁸
422 3963 520 4010 cessive
543 3961 683 4023 centurias,
709 3976 752 4010 are
781 3961 837 4011 said
859 3967 885 4010 to
909 3961 959 4008 and
987 3961 1150 4021 particularly
1174 3962 1217 4010 the
1244 3963 1371 4016 Normaus

423 4030 488 4079 have
515 4031 589 4078 owed
613 4031 679 4078 their
705 4032 831 4080 invention
859 4036 884 4079 to
909 4029 990 4078 under
1007 4030 1086 4078 Dure
1104 4029 1206 4092 Robert,
1228 4031 1266 4080 sor
1283 4038 1371 4099 nearly

425 4099 491 4148 Fulk
511 4101 564 4149 earl
575 4100 604 4148 ol
611 4099 706 4163 Anjou,
724 4102 751 4148 in
769 4101 843 4149 order
859 4106 884 4149 to
909 4100 1006 4147 similar
1018 4100 1094 4148 vices.

423 4169 483 4218 bide
499 4169 540 4217 his
556 4169 691 4218 ill-formed
708 4169 885 4231 feet,—0rde·
945 4164 1073 4216 ⁴Felicem
1084 4201 1092 4218 .
1105 4203 1132 4217 ..
1151 4173 1326 4233 trenorcium]
1343 4177 1372 4228 S.

423 4239 492 4290 ricus
502 4239 605 4302 vitalis,
622 4255 649 4300 p.
668 4243 731 4299 6825
749 4239 808 4288 who
830 4239 884 4288 also
912 4239 942 4286 C.
962 4238 997 4288 D.
1017 4239 1067 4299 E.;
1085 4237 1166 4288 ,cuna
1184 4239 1252 4300 regis
1269 4242 1371 4306 Angliae
