3080 4960
403 467 470 544 752
696 488 871 539 nrsrorun
893 487 1071 537 novrum.
1199 473 1284 555 [mn.
1303 488 1368 534 111.

245 665 345 708 inam
406 646 503 711 tricis
517 643 677 709 fidelibus
690 644 918 723 inferrentur3
940 640 1127 708 Andevera
1140 644 1244 708 etiam
1253 646 1360 710 vicus

241 715 314 756 Μ
404 745 575 808 incensus.
628 742 685 809 Ab
705 743 883 808 occidente
907 742 1027 824 itaque
1048 745 1127 806 rur'o
1149 751 1184 808 et
1206 753 1360 827 anguste

405 845 681 926 importabantur
711 843 918 918 necessaria,
949 843 1142 906 viatoribus
1178 845 1358 908 nonnullis

405 943 606 1025 interceptis
622 942 679 1006 vel
694 943 830 1020 occisis,
843 941 900 1006 vel
914 949 1014 1023 parte
1037 942 1264 1006 membrorum
1275 964 1358 1007 mu·
1376 957 1379 962 “

406 1040 535 1106 tilatis:
559 1043 602 1106 ab
626 1042 757 1105 oriente
769 1059 853 1105 vero
873 1047 948 1106 toto
968 1041 1107 1105 tramite
1120 1041 1241 1105 'versus
1257 1043 1353 1107 Len-

405 1141 544 1205 doniam
566 1140 852 1222 constipabantur
867 1139 999 1203 semitae
1022 1140 1241 1205 multitudine
1258 1161 1354 1206 com-

406 1248 594 1317 meatuum,
603 1241 763 1322 episcopo
780 1247 816 1303 et
827 1239 899 1302 suis
911 1239 1207 1322 importandorum
1219 1262 1227 1321 ;
1241 1234 1356 1305 ¹Gau.

405 1338 495 1404 frido
506 1341 549 1404 de
565 1339 789 1416 Mandevilla,
799 1339 859 1421 qui
867 1338 943 1422 jam
953 1339 1077 1402 iterum
1088 1340 1219 1404 auxilio
1232 1360 1352 1405 eorum

405 1445 570 1516 cesserat,
585 1445 690 1502 antea
712 1439 802 1501 enim
819 1444 898 1520 post
911 1438 1106 1520 captionem
1128 1439 1220 1520 regis
1242 1441 1351 1522 impe-

405 1538 524 1600 ratrici
550 1536 752 1600 fidelitatem
774 1537 967 1620 juraverat,
993 1543 1029 1600 et
1052 1536 1351 1603 londoniensibus

400 1637 556 1700 maxime
570 1636 818 1714 annitentibus,
835 1635 988 1717 nihilque
1002 1637 1143 1701 omnino
1159 1639 1250 1720 quod
1271 1659 1353 1720 pos-

404 1741 482 1798 sent
511 1734 852 1817 praetermittentibus
886 1755 955 1816 quo
983 1736 1235 1817 imperatricem
1267 1757 1353 1802 con-

403 1833 592 1898 tristarent.
621 1833 881 1899 Wintonienses
898 1853 1001 1916 porro
1014 1835 1070 1898 vel
1084 1836 1192 1900 tacito
1208 1837 1240 1899 ei
1252 1836 1350 1901 fave-

403 1933 489 1997 bant
498 1933 643 2018 judicio,
657 1953 823 1998 memores
840 1933 919 1997 fidoi
936 1952 1040 2016 quam
1055 1934 1086 1998 ei
1101 1937 1196 2017 pacti
1211 1936 1351 2001 fuerant

403 2051 482 2095 cum
499 2032 599 2097 inviti
610 2033 855 2118 propemodum
867 2033 911 2096 ab
922 2033 1083 2115 episcopo
1099 2034 1142 2096 ad
1155 2034 1220 2098 boc
1233 2035 1351 2101 adacti

403 2139 531 2197 essent.
583 2131 724 2196 Interea
756 2152 803 2196 ex
835 2138 929 2196 turre
953 2131 1127 2214 pontificis
1148 2133 1345 2217 jaculatum

402 2231 598 2295 incendium
622 2231 659 2294 in
689 2231 809 2295 domos
837 2231 1060 2313 burgensium
1082 2229 1172 2317 (qui,
1198 2241 1238 2298 nt
1261 2234 1349 2312 dixi,

402 2330 582 2412 proniores
604 2337 704 2396 erant
725 2331 953 2412 imperatricis
974 2330 1131 2394 felicitati
1146 2351 1250 2415 quam
1275 2335 1350 2416 epi·

402 2426 516 2514 scopi)
540 2430 798 2512 comprehendit
822 2436 857 2493 et
881 2430 1069 2493 combussit
1094 2431 1268 2496 abbatiam
1292 2440 1348 2497 to-

401 2535 473 2593 tam
492 2529 805 2593 sanctimonialium
822 2528 914 2592 intra
926 2530 1057 2606 urbem,
1074 2530 1244 2614 simulque
1257 2525 1348 2596 ²coe-

239 2638 387 2678 Eidem
400 2629 540 2691 nobinm
554 2627 647 2710 qued
662 2628 789 2692 dicitur
804 2626 862 2692 Ad
875 2627 1008 2691 Hidam
1032 2636 1141 2692 extra.
1193 2630 1281 2696 Erat
1296 2633 1346 2696 ibi
1389 2648 1393 2653 “

238 2689 363 2737 „qm
397 2726 515 2807 imago
539 2726 695 2789 crucifixi
710 2727 852 2790 Domini
873 2727 1008 2808 magna
1022 2728 1112 2792 mole
1134 2730 1210 2792 auri
1231 2738 1267 2795 et
1288 2750 1346 2794 ar*

399 2825 507 2906 genti,
519 2824 688 2908 simulque
698 2843 923 2906 gemmarum,
932 2820 1041 2890 ³dono
1054 2825 1224 2892 cnutonis
1235 2851 1346 2913 quon-

398 2921 477 2986 dam
499 2925 592 3006 regis
623 2942 770 3007 operosa
793 2925 978 2990 devotione
1007 2924 1220 2992 fabrefacta:
1254 2929 1343 3007 haec,

398 3023 479 3104 igne
511 3030 594 3087 tunc
622 3024 868 3106 comprehensa
892 3031 928 3088 et
951 3024 1026 3088 solo
1054 3033 1240 3107 prostrata,
1265 3036 1345 3111 post

399 3123 504 3187 etiam
524 3123 670 3207 jubente
696 3123 813 3205 legato
838 3131 1041 3188 excrustata
1069 3131 1134 3188 est.
1185 3126 1343 3192 Inventae

396 3222 584 3305 plusquam
608 3222 807 3305 quingentae
839 3221 977 3304 argenti
1003 3241 1142 3300 marcae,
1174 3227 1249 3289 auri
1281 3228 1343 3290 tri·

399 3323 509 3402 ginta,
522 3321 686 3387 donativo
699 3321 846 3386 militum
861 3319 1048 3403 profecere.
1090 3321 1280 3389 Combusta
1290 3334 1345 3392 est

236 3429 386 3523 ggngm
399 3418 503 3485 etiam
526 3420 667 3484 abbatia
689 3420 1004 3485 sanctimonialium
1030 3421 1073 3485 de
1086 3421 1296 3489 Warewella
1321 3444 1344 3489 a

288 3491 302 3530 ¹
398 3519 548 3599 quodam
562 3519 738 3584 Willelmo
762 3519 805 3583 de
831 3519 927 3601 Ipra,
949 3520 1088 3584 bomine
1109 3521 1268 3601 nefande,
1284 3525 1345 3606 qui

397 3635 461 3682 nec
482 3618 558 3681 Deo
582 3637 645 3681 nec
667 3618 860 3682 bominibus
879 3621 1108 3684 reverentiam
1131 3622 1344 3701 observaret,

397 3717 489 3800 quod
505 3717 541 3780 in
556 3735 598 3780 ea
615 3717 754 3800 quidam
775 3719 1003 3801 imperatricis
1025 3719 1178 3784 fautores
1201 3739 1238 3784 se
1260 3742 1343 3786 con·

394 3815 501 3882 tutati
517 3823 644 3881 essent.

430 4064 573 4126 ¹Gnusrido
593 4067 623 4115 de
648 4066 853 4118 mandevilla...
913 4039 1096 4107 mmmm]
1124 4045 1173 4103 E.;
1197 4047 1342 4096 ⁰⁰⁸³⁰bi¹¹¹¹²

385 4135 536 4200 jumtmtu]
554 4137 604 4197 E.;
625 4137 728 4186 omitted
740 4137 766 4185 in
781 4136 811 4186 S·
824 4139 854 4187 c·
878 4113 1065 4211 mopachorum,
1076 4114 1105 4164 S.
1117 4114 1152 4164 D.
1164 4115 1218 4165 Μ).

393 4205 429 4254 D,
441 4207 476 4254 Κ,
489 4207 543 4256 Lep,
936 4182 1027 4247 Dona]
1045 4183 1074 4234 S.
1087 4185 1119 4234 E.
1137 4185 1207 4245 ης
1224 4199 1256 4234 ex
1267 4185 1343 4250 dono,

880 4250 914 4301 D.
