3148 4982
215 470 368 550 n1n.1v.]
446 484 560 532 cusru
584 485 713 532 aucum
736 448 951 532 suenorum.
1102 469 1168 533 497

216 644 321 724 regiae
351 641 564 708 conveniunt
594 643 794 726 majestati.'
846 643 905 706 Ita
936 643 1167 706 cubicularius

138 795 140 799 .
216 762 262 805 ex
279 762 320 805 eo
335 742 485 825 pretium
502 742 788 805 vestimentorum
812 740 886 825 ejus
907 762 971 824 pro
988 742 1168 806 voluntate

219 842 435 918 numerabat,
452 841 562 904 multa
576 840 717 922 perinde
732 841 804 904 suis
820 842 1029 905 utilitatibus
1045 840 1169 904 nundi-

220 948 335 1003 natus

272 1039 289 1122 ᾗ
306 1039 381 1102 314.
406 1039 595 1103 Excitabat
612 1057 696 1119 ergo
717 1045 830 1102 totum
851 1039 1062 1103 occidentem
1076 1035 1170 1101 fama
1181 1061 1213 1100 re
1227 1061 1334 1110 emaus

221 1139 394 1219 largitatis
419 1137 508 1221 ejus,
531 1137 697 1201 orientem
724 1157 833 1221 usque
859 1139 1086 1219 pertendens:
1110 1157 1169 1202 ve·
1182 1111 1326 1200 llde'

221 1238 363 1301 niebant
376 1237 419 1299 ad
436 1256 514 1300 eum
530 1237 656 1300 milites
672 1255 716 1300 ex
733 1238 826 1300 omni
842 1256 920 1318 quae
934 1237 1021 1301 citra
1035 1243 1170 1300 montes

222 1343 275 1398 est
302 1335 493 1418 provincia,
521 1355 608 1417 quos
630 1336 704 1426 ipse
736 1337 982 1417 profusissimis
1009 1336 1171 1417 expensis

221 1437 447 1513 munerabat3
483 1435 602 1515 itaque
629 1453 706 1496 cum
730 1434 912 1499 defecisset
940 1435 1032 1518 quod
1061 1435 1171 1511 daret,

221 1535 321 1614 inops
344 1540 380 1596 et
402 1533 593 1596 exhaustus
614 1533 658 1594 ad
676 1527 790 1596 ¹lucra
810 1535 981 1598 convertit
1006 1533 1170 1597 animum.

222 1629 381 1695 Accessit
394 1624 518 1712 ²regiee
536 1631 655 1707 menti,
670 1631 779 1694 fomes
801 1632 1041 1713 cupiditatum,
1056 1625 1172 1694 ³Ran-

223 1731 339 1793 nulfus
366 1730 525 1806 clericus,
552 1749 597 1792 ex
619 1730 737 1793 infimo
760 1749 885 1812 genere
904 1729 1080 1794 hominum
1105 1731 1171 1794 lin·

224 1848 293 1910 gua
308 1821 562 1893 et⁴oalliditate
577 1835 763 1910 provectus
777 1828 820 1891 ad
836 1847 1016 1892 summum.
1074 1829 1124 1906 Ie,
1141 1829 1172 1893 si

224 1928 363 2009 quando
384 1928 534 1991 edictum
552 1928 685 2008 regium
708 1929 933 2009 processisset
955 1935 994 1992 ut
1016 1929 1173 1992 nomina-

224 2035 297 2090 tum
325 2027 492 2091 tributum
518 2025 649 2107 Anglia
676 2027 855 2109 penderet,
881 2027 1023 2109 duplum
1052 2027 1173 2110 adjici·

224 2127 316 2202 ebat,
333 2126 506 2208 expilator
521 2126 680 2203 divitum,
698 2127 948 2190 exterminator
970 2145 1173 2209 pauperum,

226 2225 433 2288 confiscator
468 2225 658 2288 alienarum
694 2224 947 2290 haereditatum.
1016 2225 1173 2289 Invictus

225 2324 432 2400 causidicus,
454 2330 491 2387 et
512 2331 586 2388 tum
603 2324 717 2388 verbis
733 2331 806 2387 tum
831 2326 934 2388 rebus
957 2324 1172 2401 immodicus

221 2423 327 2506 juxta
348 2424 385 2486 in
402 2423 576 2505 supplices
593 2430 633 2486 ut
650 2423 686 2485 in
708 2423 852 2486 rebelles
868 2423 1004 2488 furens:
1029 2423 1174 2486 subinde

224 2517 529 2586 ⁵cachinnantibus
547 2522 753 2604 quibusdam
776 2541 817 2585 ac
839 2523 1045 2600 dicentibus
1062 2522 1174 2586 solum

225 2641 300 2686 esse
330 2621 502 2685 bominem
531 2621 590 2702 qui
621 2621 726 2684 sciret
754 2622 803 2685 sic
828 2622 960 2704 agitare
985 2623 1174 2703 ingenium,

226 2740 289 2784 nec
303 2721 450 2784 aliorum
465 2727 600 2784 curaret
614 2720 730 2783 odium
745 2720 930 2786 dummodo
945 2722 1176 2803 complacaret

226 2821 414 2884 dominum.
468 2818 548 2884 Hoc
574 2827 715 2882 auctore
748 2821 838 2883 sacri
868 2821 1091 2884 ecclesiarum
1112 2820 1175 2883 ho-

225 2939 338 2996 nores,
354 2919 500 2982 mortuis
516 2919 726 2999 pastoribus,
741 2939 868 2984 venum
881 2919 987 2983 locati
1000 2939 1009 2998 3
1027 2938 1176 3000 namque

228 3019 348 3082 audita
368 3025 479 3082 morte
496 3016 682 3099 cujuslibet
696 3019 849 3100 episcopi
861 3019 918 3082 vel
931 3015 1078 3095 abbatis
1094 3037 1176 3082 con·

226 3117 341 3180 festim
356 3117 501 3181 clericus
519 3117 612 3197 regis
632 3137 673 3180 eo
688 3118 903 3194 mittebatur,
918 3118 978 3199 qui
993 3119 1109 3180 omnia
1123 3117 1176 3179 in·

227 3223 333 3280 venta
359 3216 488 3297 scripto
517 3216 704 3298 exciperet,
729 3213 916 3298 omnesque
940 3216 976 3278 in
1000 3222 1176 3297 posterum

228 3312 381 3378 redditus
398 3314 482 3377 fisco
497 3315 593 3395 regio
608 3313 762 3377 inferret.
801 3314 942 3378 Interea
958 3316 1177 3396 quaerebatur

228 3415 306 3495 quis
321 3415 357 3476 in
372 3413 448 3477 loco
465 3413 617 3476 defuncti
640 3413 785 3477 idoneus
805 3413 1083 3490 substitueretur,
1107 3431 1178 3476 non

227 3533 290 3594 pro
307 3532 440 3576 morum
454 3512 515 3575 sed
531 3531 594 3593 pro
609 3530 825 3575 nummorum
841 3514 1098 3595 experimeut03
1115 3513 1177 3575 da-

262 3757 387 3829 mucra]
408 3764 437 3812 C.
457 3763 491 3811 D.
509 3764 541 3812 E.
550 3777 560 3826 3
577 3763 690 3826 rapinas,
715 3780 747 3814 on
758 3765 928 3816 theothune
937 3769 1010 3815 1099.
1027 3765 1075 3814 See
1082 3765 1178 3827 Anglia

228 3832 262 3882 A.
275 3831 304 3880 S.
316 3831 348 3879 L.
715 3835 802 3898 Sacra,
813 3849 873 3897 pars
886 3836 977 3898 prima,
988 3851 1014 3897 p.
1027 3839 1085 3885 705.

230 3897 401 4020 S'ffffloeff
425 3903 456 3950 ⁰·
475 3902 525 3962 Εἰ
543 3901 636 3964 “lidae’
655 3901 688 3952 Α·
750 3933 761 3966 ⁴
780 3936 944 3999 curuare]
967 3935 1000 3986 A.
1021 3937 1056 3986 n.
1076 3937 1110 3986 a.
1130 3937 1178 3998 a,

252 4007 274 4070 ⁸⁸
297 4003 437 4099 kednulfus
458 4039 581 4102 clericae]
605 4039 689 4101 Ralpb
715 4005 915 4068 midumoe’s'
930 4008 960 4055 C·

227 4109 411 4170 Flambard,or
428 4109 611 4158 Pessedabere.
648 4110 690 4158 He
750 4103 982 4155 ⁵Gucbinccatibus
997 4105 1178 4169 quibaedcmue

228 4177 690 4240 waeralsedtothedignityofbishop
715 4171 874 4243 dicentibus]
902 4175 930 4224 S.
956 4177 985 4225 C.
1005 4177 1040 4226 D.
1063 4177 1112 4237 E.;
1135 4191 1179 4224 oa-

228 4249 257 4298 οἰ
265 4248 517 4311 perhumanum
529 4249 691 4300 consecrated
715 4246 849 4296 chiunaute
861 4259 920 4307 rege
931 4261 961 4295 ac
973 4246 1082 4309 dicente,
1093 4245 1127 4296 A.
1138 4246 1170 4296 L.
