3148 4982
363 469 429 533 474
580 481 694 529 casm
717 479 844 528 ascuu
868 475 1081 526 sucnoauu.
1156 459 1241 539 [ma.
1262 473 1319 521 ιιι.

408 701 506 761 QUOD
530 699 773 748 nBoRscENSIS
797 694 1119 756 ARGHlEPlSGOPUS,
1139 695 1182 741 ΕΤ
1199 694 1320 742 OMNES

468 800 537 847 SIBI
567 799 749 860 SUBJEGTI,
771 796 1055 846 ARCHlEPlSGOPO
1078 794 1321 841 DOROBERNIAE

469 897 747 946 SUBJlGlANTUR.

421 1002 571 1070 Generale
586 1002 747 1067 concilium
765 1002 856 1086 regni
872 999 1047 1088 Anglorum
1063 997 1187 1082 dejure
1207 1008 1234 1060 et
1247 1000 1322 1080 pri·

470 1115 554 1165 matu
568 1099 814 1166 Doroberaeusis
830 1101 894 1162 sive
912 1096 1148 1164 Contrarieasis
1166 1095 1304 1162 ecclesia.

211 1251 333 1295 ιιιιοιι.
425 1229 442 1312 §
466 1226 544 1291 298.
568 1225 694 1291 ‘Anno
716 1227 761 1290 ab
785 1224 1024 1288 incarnatione
1049 1222 1191 1286 Domini
1213 1221 1323 1285 nostri

373 1328 396 1391 J
399 1347 461 1391 esu
491 1325 621 1390 Christi
651 1326 834 1389 millesimo
871 1323 1126 1405 septuagesimo
1159 1321 1323 1400 secundo,

372 1427 595 1509 pontificatus
620 1432 736 1488 autem
762 1422 893 1487 domini
916 1419 1110 1485 Alexandri
1134 1438 1234 1502 papae
1258 1439 1323 1484 ιιιι-,

287 1561 297 1592 ι
375 1526 518 1602 decimo,
535 1525 635 1606 regni
648 1543 731 1588 vero
744 1521 912 1587 Willelmi
926 1520 1068 1602 gloriosi
1080 1519 1173 1601 regis
1189 1517 1324 1599 Anglo·

376 1644 453 1687 rum
473 1631 508 1687 et
532 1624 629 1687 ducis
651 1621 932 1686 Normannorum
954 1627 1068 1696 sexto,
1085 1638 1130 1682 ex
1150 1624 1325 1700 praecepto

377 1723 531 1807 ejusdem
546 1720 740 1786 Alexandri
760 1739 873 1803 papae,
891 1725 1065 1782 annuento
1086 1717 1206 1781 eodem
1230 1736 1324 1798 rege,

377 1824 413 1885 in
430 1822 616 1904 praesentia
637 1821 746 1905 ipsius
769 1828 804 1884 et
827 1819 1066 1903 episcoporum
1089 1823 1194 1899 atque
1218 1816 1323 1879 abba-

378 1929 464 1998 tum,
479 1920 648 1986 ventilata
670 1927 725 1984 est
750 1937 856 1983 causa
880 1918 923 1981 de
944 1917 1096 2000 primatu
1114 1934 1217 1998 quem
1233 1915 1326 1978 Lan·

379 2167 502 2229 nignitate
525 2167 593 2230 regis
615 2171 641 2216 et
663 2169 732 2230 jure,
756 2167 843 2216 debita
865 2170 937 2216 tanta
946 2165 1117 2228 prosequitur,
1127 2165 1328 2215 ettalidominos

379 2237 537 2285 subditorum
560 2236 681 2286 fidelitate
704 2237 844 2298 proveniat,
866 2235 1040 2284 informatione
1065 2237 1200 2297 componit,
1226 2249 1258 2284 ne
1286 2234 1327 2283 vel

381 2308 446 2355 situs
463 2321 564 2368 quoque
582 2307 673 2368 patriae
692 2306 844 2355 confidenter
867 2305 967 2366 aliquos
989 2305 1097 2354 servitus
1119 2305 1266 2366 adnichilet,
1282 2309 1329 2353 aut

381 2376 845 2438 adjuvat‚naturaebeneflciisetmaris
867 2375 992 2436 impunita
1008 2375 1131 2423 securitas
1152 2375 1220 2423 elata
1238 2374 1329 2435 praeoi·

381 2446 511 2494 vicinitate
523 2446 667 2506 conclusus,
677 2449 708 2494 ut
716 2445 772 2494 sine
789 2459 844 2506 gra·
869 2444 943 2506 pitet,
953 2458 1027 2505 reges
1038 2457 1139 2504 quoque
1150 2445 1195 2505 qui
1211 2443 1328 2504 perfunc-

382 2515 449 2562 tuita
466 2515 623 2563 dominorum
639 2515 742 2563 licentia
758 2515 845 2562 nullus
868 2513 933 2561 toria
944 2519 1049 2562 eaeteros
1059 2527 1152 2574 pompa
1161 2514 1329 2575 praeveniunt,

384 2584 479 2644 exitus,
495 2583 560 2631 nulli
577 2584 735 2644 relinquatur
750 2585 846 2645 ingres·
868 2597 900 2630 ne
917 2582 1088 2643 potentatibus
1103 2583 1264 2645 insolescant,
1274 2596 1330 2632 ear·

384 2665 438 2700 sus.
468 2653 542 2702 Unde
552 2657 623 2701 tanta
635 2654 702 2715 genti
714 2655 846 2716 securitas,
869 2653 909 2700 nis
920 2652 1106 2700 infirmitatibus
1116 2655 1142 2700 et
1152 2653 1268 2701 humanis
1284 2651 1330 2700 ad·

384 2725 456 2770 tanta
487 2723 608 2770 bonorum
634 2723 745 2772 omnium
772 2723 846 2783 copia
869 2722 972 2770 modum
989 2722 1184 2770 necessitatibus
1201 2723 1329 2782 expositos

385 2792 518 2852 successit,
527 2796 566 2852 ut,
577 2793 598 2841 si
609 2806 676 2840 verae
687 2793 792 2841 rationis
803 2792 845 2840 bo·
869 2792 928 2839 utili
954 2792 1056 2852 penitus
1083 2791 1253 2840 sollicitudine
1281 2791 1330 2840 fre·
1355 2823 1358 2826 -

384 2866 482 2910 aestate
500 2866 638 2923 regeretur,
657 2863 739 2910 atatis
761 2877 846 2910 aureae
869 2865 982 2920 queritat.
1017 2860 1114 2921 Regem
1124 2861 1219 2922 quippe
1233 2875 1282 2909 non
1293 2860 1331 2909 fa·

385 2931 493 2990 pristina
526 2936 639 2992 tempora
673 2931 847 2980 conformaret.
870 2931 941 2979 ciunt
950 2930 1023 2991 vulgi
1040 2930 1072 2977 de
1087 2929 1201 2979 fascibus
1213 2929 1331 2980 sabulosa

386 2999 431 3046 Set
441 2999 489 3048 hoc
499 3001 576 3048 tantis
586 3015 641 3048 eam
649 3001 847 3060 promotionibus
871 3004 1019 3061 commenta,
1034 3000 1075 3048 vel
1090 2998 1196 3049 furentis
1213 3000 1329 3062 insaniae,

386 3069 464 3130 elicit,
475 3069 544 3129 quod
563 3083 620 3118 cum
638 3071 705 3118 omni
723 3070 848 3119 forinseca
870 3069 911 3116 vel
921 3069 1019 3116 infinita
1025 3070 1126 3131 jugera,
1137 3069 1178 3117 vel
1188 3069 1270 3118 amica
1282 3084 1331 3130 pu·

385 3139 573 3198 perturbatione
599 3139 633 3187 sit
654 3139 743 3202 libera,
770 3141 847 3190 tantis
870 3138 975 3188 tredinis
985 3139 1116 3198 ingeniosa
1125 3139 1239 3200 crapula,
1247 3138 1288 3187 vel
1298 3137 1330 3186 de

386 3208 536 3268 gaudiorum
557 3208 729 3269 voluptatibus
756 3209 847 3258 eveba-
870 3206 986 3256 lamentis
996 3221 1137 3268 pauperum
1149 3208 1270 3257 convulsa
1286 3222 1331 3268 pe·

385 3281 437 3339 tur,
454 3279 521 3326 sicut
541 3278 684 3328 miseranda
704 3280 846 3327 mortalium
870 3277 955 3325 cunia.
977 3280 1074 3339 Regem
1085 3293 1134 3326 non
1144 3277 1241 3326 faciunt
1248 3281 1332 3326 vestes

387 3347 497 3395 conditio
505 3351 552 3409 est,
560 3347 626 3396 malo
637 3347 735 3396 scilicet
742 3349 847 3397 acclinis
870 3347 966 3408 syna,
986 3361 1036 3395 non
1055 3362 1117 3395 auro
1132 3347 1220 3395 nitidae
1236 3348 1331 3408 babes,

386 3420 412 3463 et
431 3416 515 3477 lapsui
531 3431 620 3479 prona,
630 3417 755 3466 intestinis
769 3419 847 3466 animi
870 3431 919 3464 non
937 3416 1005 3464 color
1020 3416 1108 3476 frontis
1123 3417 1164 3465 vel
1174 3422 1233 3466 vota
1249 3417 1329 3478 regis.

389 3484 847 3536 seditionibusetcaeconovorumrno·
871 3485 922 3534 Sed
943 3500 988 3534 rex
1010 3491 1049 3536 est
1071 3487 1116 3547 qui
1137 3487 1222 3547 posuit
1248 3491 1331 3535 metus

387 3553 472 3602 limine
481 3567 579 3615 semper
589 3555 716 3604 infrendit.
750 3556 845 3606 Hinca
870 3559 896 3602 et
906 3555 956 3602 diri
972 3556 1040 3604 mala
1056 3556 1175 3617 pectoris,
1190 3570 1265 3618 quem
1281 3570 1331 3603 non

387 3623 508 3682 primaevo
524 3625 612 3672 mundi
629 3625 756 3674 nascentis
774 3641 847 3676 exor·
871 3625 974 3672 ambitio
1000 3626 1123 3686 impotens
1150 3630 1177 3673 et
1202 3639 1331 3686 nunquam

387 3692 440 3754 dio,
460 3707 524 3752 quos
544 3709 628 3742 rerum
650 3695 723 3742 Deus
747 3695 848 3744 Artifex
872 3693 970 3742 stabilis
1000 3694 1072 3743 favor
1092 3695 1164 3755 vulgi
1190 3695 1331 3756 praecipitis

389 3776 465 3821 usqua
472 3763 588 3811 libertate
593 3763 727 3826 ditaverat,
734 3765 848 3814 inobedi-
871 3767 962 3813 movet.
997 3764 1053 3812 Rex
1063 3767 1102 3812 est
1113 3765 1196 3824 quise
1207 3764 1257 3812 diri
1273 3779 1332 3824 pec·

387 3833 463 3880 entiae
479 3837 562 3882 motus
578 3833 754 3882 inflammantis
764 3836 847 3895 ejecit.
870 3834 931 3880 toris
942 3832 1072 3882 faetoribus
1088 3837 1205 3896 evacuat,
1216 3838 1242 3882 et
1256 3835 1332 3894 prod-

387 3899 422 3947 Et
433 3902 478 3961 qui
493 3902 553 3950 coeli
569 3901 706 3951 Dominum
716 3902 781 3952 ferre
798 3919 847 3951 non
871 3916 926 3951 esse
949 3903 1057 3964 singulis
1075 3903 1189 3951 sollerter
1206 3904 1332 3967 invigilat,

386 3974 511 4032 poterant,
520 3970 648 4019 hominum
659 3973 772 4020 serviunt
787 3987 847 4033 pra·
871 3972 960 4031 quales
970 3987 1052 4034 nuper
1061 3972 1095 4022 ad
1104 3971 1235 4034 fastigium
1254 3971 1332 4036 hujus

386 4039 464 4088 vitate
486 4040 608 4102 distincti,
624 4041 750 4091 continuis
770 4043 848 4090 malo·
871 4041 988 4090 culminis
1006 4057 1055 4091 non
1073 4043 1177 4090 ambitio
1193 4042 1335 4106 popularis,

385 4121 442 4156 ιἰιιιι
453 4110 680 4170 persecutionibus,
690 4111 848 4160 indeteriora
871 4111 917 4158 sed
938 4116 1053 4171 spectata
1069 4113 1135 4160 inter
1151 4113 1228 4160 bonos
1244 4113 1332 4162 mode-

387 4192 497 4239 quaeque
519 4180 633 4240 projecti.
669 4181 704 4228 Et
724 4181 784 4230 licet
802 4181 849 4228 irn-
871 4181 944 4242 ratio,
966 4183 1089 4240 provexit.
1126 4181 1279 4230 Necessaria
1299 4183 1332 4230 si-

386 4248 487 4297 meritos
509 4249 596 4298 divina
616 4254 700 4298 tamen
721 4251 849 4300 miseratio
872 4249 973 4310 quidem
984 4255 1023 4300 est
1034 4251 1200 4300 mansuetudo
1210 4250 1333 4312 praelatis,
