3104 4974
233 500 394 580 amur]
456 517 569 565 casm
593 517 720 566 aucun
744 516 959 565 uucnouuu.
1118 499 1184 563 393

231 671 311 747 tria,
325 672 500 736 intestinis
516 673 788 736 dissensionibus
814 672 1028 747 exulcerata,
1045 689 1108 750 pro
1130 670 1182 733 la-

231 776 368 833 tronum
390 771 490 836 libito
505 772 735 848 dividebatur,
757 779 796 835 ut
820 772 943 834 merito
964 775 1083 852 posset
1097 788 1182 850 que-

231 869 413 933 rimoniam
426 872 551 948 facere,
569 865 669 935 ‘¹Vae
684 878 786 934 terrae
803 871 903 953 cujus
920 889 981 932 rex
994 887 1079 952 puer
1096 876 1150 932 est
1161 869 1182 932 !’

231 965 281 1031 At
306 969 377 1044 ille,
402 971 460 1033 ubi
486 972 635 1053 primum
657 990 720 1053 per
741 977 880 1034 aetatem
904 970 1030 1052 potuit,
1049 966 1181 1031 militiae

230 1067 382 1149 insignia
416 1089 437 1132 a
466 1089 548 1151 rege
579 1070 793 1133 Francorum
822 1070 1006 1151 accipiens,
1038 1067 1179 1149 provin-

230 1167 336 1230 ciales
350 1168 386 1230 iu
401 1187 498 1250 spem
512 1169 638 1251 quietis
653 1169 775 1232 erexit.
815 1167 920 1232 Sator
932 1167 1181 1230 discordiarum

230 1273 306 1329 erat
325 1261 459 1331 ²Guido
485 1268 637 1350 quidam,
660 1268 872 1349 Burgundus
894 1287 917 1330 a
939 1273 1050 1349 patre,
1073 1284 1180 1346 nepos

233 1364 376 1429 Ricardi
389 1369 530 1431 secundi
548 1387 567 1430 e
584 1368 676 1447 lilia3
702 1366 883 1431 infantiam
910 1386 988 1430 cum
1003 1363 1180 1429 Willelmo

230 1473 440 1544 cucurrerat,
455 1474 538 1530 tunc
554 1486 693 1550 quoque
706 1467 837 1550 januas
860 1465 1101 1529 adolescentiae
1118 1483 1181 1546 pa·
1227 1515 1248 1524 .-

230 1565 313 1627 riter
329 1567 509 1647 urgebant.
563 1565 752 1630 Convictus
774 1565 1057 1640 familiaritatem,
1080 1563 1178 1627 fami·

229 1663 363 1728 liaritas
397 1659 585 1728 ³amicitias
618 1672 815 1749 paraverat.
878 1665 960 1729 Huc
991 1663 1179 1728 accedebat

230 1764 322 1845 quod
336 1765 368 1828 ei
384 1765 564 1828 Briouium
581 1772 616 1829 et
629 1765 843 1829 Vernonium
865 1763 1009 1827 castella
1024 1763 1179 1839 dederat,

228 1861 314 1926 nibil
354 1884 418 1946 pro
445 1858 765 1947 4consanguinitate
804 1864 1001 1946 negandum
1038 1870 1177 1945 putans

230 1959 368 2025 Horum
390 1963 600 2045 Burgundus
622 1965 812 2041 immemor,
834 1962 957 2028 affictis
980 1961 1179 2026 criminibus

230 2062 353 2143 quibus
375 2063 411 2126 id
428 2063 550 2128 merito
573 2064 686 2128 facere
701 2065 888 2140 videretur,
909 2062 1121 2126 abalienavit
1141 2080 1181 2124 se

230 2180 252 2222 a
277 2162 413 2226 comite.
464 2149 623 2246 Longum
652 2171 706 2228 est
732 2171 767 2228 et
795 2183 864 2226 non
893 2161 1125 2227 necessarium
1150 2161 1180 2223 si

229 2280 420 2344 persequar
455 2281 534 2344 quae
563 2263 644 2328 binc
680 2263 760 2327 iude
797 2269 889 2339 acta,
920 2281 999 2344 quae
1036 2259 1181 2324 castella

228 2368 351 2443 capta:
379 2370 554 2444 repererat
581 2363 670 2427 euim
697 2362 841 2445 perfidia
865 2361 977 2425 socios
1001 2359 1179 2442 Nigellum

228 2459 463 2526 vicecomitem
493 2461 728 2536 Constantini,
756 2461 971 2525 Rannulfum
996 2458 1178 2523 vicecomi-

230 2566 298 2622 tem
318 2555 576 2650 iBaioceusem,
599 2555 827 2624 “Haimonem
858 2560 1048 2636 dentatum,
1074 2577 1177 2622 avum

230 2659 373 2724 Roberti
393 2661 453 2743 qui
470 2668 590 2724 nostro
612 2668 767 2743 tempore
782 2661 818 2723 in
835 2657 967 2741 Anglia
991 2659 1177 2721 multarum

228 2761 483 2841 possessionum
513 2761 696 2824 incubator
725 2759 855 2824 extitit.
916 2758 1005 2823 Cum
1031 2758 1085 2820 his
1115 2776 1178 2839 per

227 2864 337 2922 totam
356 2860 620 2932 ¹Normauniam
652 2861 877 2941 grassabatur
907 2857 1025 2939 praedo
1049 2857 1177 2938 impro-

228 2958 400 3035 bissimus,
414 2960 510 3022 inani
527 2979 589 3041 spe
612 2960 659 3022 ad
678 2960 879 3024 comitatum
901 2959 1049 3021 illectus
1103 2955 1176 3020 Ne·

228 3059 370 3121 cessitas
394 3079 510 3140 regem
524 3066 674 3124 tutorem
690 3059 821 3122 excivit
834 3065 874 3121 ut
888 3057 1080 3139 desperatis
1094 3073 1175 3136 par-

227 3157 318 3220 tibus
334 3159 458 3240 pupilli
476 3166 701 3224 succurreret.
754 3158 879 3239 Itaque
894 3163 1049 3239 paternae
1071 3154 1173 3216 bene·

227 3257 388 3321 volentiae
420 3259 633 3336 recordatus‘,
662 3257 755 3341 quod
788 3276 867 3319 eum
897 3255 1016 3319 favore
1048 3272 1111 3316 suo
1140 3252 1176 3314 in

229 3375 373 3437 reguum
397 3358 658 3436 sublimaverat,
677 3355 770 3439 apud
794 3346 1043 3418 ⁷Walesdunas
1066 3353 1103 3415 in
1117 3350 1176 3414 de·
1193 3366 1247 3406 Δ-ῠ-
1260 3367 1314 3406 ¹⁰⁴⁷-

264 3601 273 3634 ¹
301 3605 344 3656 Voe
366 3610 440 3654 terroe
469 3605 539 3666 cuius
559 3621 605 3655 rea·
629 3622 692 3671 puer
717 3606 750 3655 Ε.
762 3605 811 3665 L.;
828 3603 1009 3665 sanguinitate,
1020 3603 1050 3652 S.

227 3670 300 3742 est!]
319 3676 488 3724 Ecclesiastes
499 3691 526 3724 1.
539 3681 580 3725 16.
750 3671 949 3736 ‘Baiocenremj
961 3671 995 3722 A.
1005 3674 1035 3722 G.
1042 3672 1077 3722 D.
1090 3674 1122 3722 E.
1129 3673 1160 3723 L.
1170 3689 1178 3735 ;

265 3741 275 3773 ²
293 3746 374 3794 Guido
389 3746 496 3808 quidam,
508 3747 661 3807 Burgaadua
676 3760 691 3793 a
716 3745 945 3805 Tembaiocensem,
956 3742 985 3792 S.

226 3815 318 3878 puna]
338 3815 400 3876 Guy
412 3829 468 3864 was
478 3815 521 3864 the
539 3829 584 3863 son
598 3815 628 3863 of
642 3815 691 3864 Re·
751 3811 931 3862 ‘Hermonem
952 3811 1103 3874 dentatum]
1135 3812 1178 3860 He

229 3886 298 3933 uaud
320 3884 344 3946 1,
366 3885 419 3933 earl
441 3885 470 3933 ol
488 3884 640 3947 Burgundy,
657 3885 691 3946 by
716 3897 770 3932 was
792 3885 848 3934 lord
870 3883 900 3932 of
926 3881 1030 3943 Torigni
1056 3881 1083 3928 in
1111 3880 1178 3929 Nor-

227 3954 267 4002 bis
289 3953 349 4003 wife
369 3955 433 4003 Alix
452 3954 548 4021 (called
569 3955 624 4003 also
642 3955 690 4004 Ju-
715 3955 818 4015 mandy‚
829 3954 880 4001 and
894 3952 1016 4014 probably
1027 3951 1181 3998 aucestorol

227 4021 304 4087 dith),
321 4023 449 4085 daughter
470 4025 499 4072 os
518 4024 630 4073 Richard
652 4025 691 4086 11,
716 4023 758 4072 the
770 4023 858 4084 family
869 4022 897 4071 of
905 4022 1083 4081 Duredent,0r
1094 4020 1177 4073 Duar-

227 4095 295 4143 duke
306 4094 337 4142 of
344 4095 504 4155 Normaudy.
716 4094 775 4154 den,
786 4093 876 4142 settled
888 4093 914 4139 in
926 4090 1053 4153 England.

262 4159 440 4232 ³Amicitiaa]
458 4163 492 4215 Δ.
505 4166 535 4214 C.
547 4165 582 4214 D.
595 4165 627 4215 Ε.
643 4165 690 4225 L.;
758 4158 769 4198 ⁷
785 4161 965 4224 Wulesdunua]
995 4160 1100 4208 ‘Imus
1120 4159 1178 4222 iste,

226 4234 373 4296 amicitiam,
385 4235 415 4284 S.
716 4233 761 4294 qui
779 4247 846 4281 nunc
862 4233 964 4293 ignotus
982 4230 1091 4292 videtur,
1106 4229 1176 4278 dille·

262 4301 272 4333 ⁴
288 4303 531 4367 Coaeuagvinitnta]
548 4303 582 4354 Δ.
604 4302 633 4351 C.
654 4301 689 4351 D.
715 4303 788 4351 rabat
804 4301 1063 4363 aanle·Duni,loco
1081 4300 1108 4348 in
1127 4298 1178 4350 Ga-
