3080 4960
376 450 442 514 744
664 461 838 510 rusroam
860 460 1040 512 novenni.
1169 445 1255 526 [nm.
1275 465 1334 510 nr.

218 641 320 681 nnus.
380 623 480 686 diret.
533 619 708 698 Crastino,
724 619 815 703 quod
837 619 903 683 fuit
918 619 1041 701 quinto
1065 638 1175 683 nonas
1198 619 1332 696 Martii,

381 719 570 786 honorifica
595 719 690 784 facta
718 719 937 802 processione
962 725 1103 801 recepta
1132 719 1246 783 estin
1274 738 1332 782 ec-

381 821 487 886 clesia
499 821 720 902 episcopatus
729 818 941 896 Wintoniae3
958 819 1132 900 episcopo,
1144 817 1333 899 eodemque

380 921 511 1001 legate,
531 939 606 982 eam
632 918 779 983 ducente
803 919 839 980 in
866 917 990 981 dextro
1008 917 1128 992 latere,
1153 917 1331 981 Bemardo

381 1038 464 1084 vero
487 1018 529 1082 de
553 1023 674 1082 sancto
689 1016 806 1081 David
822 1017 983 1098 episcopo
1002 1016 1038 1080 in
1062 1017 1213 1082 sinistro.
1265 1014 1330 1079 Af-

381 1117 523 1182 suerunt
544 1125 713 1200 praeterea
735 1115 900 1198 episcopi,
916 1113 1117 1180 Alexander
1139 1115 1181 1179 de
1201 1115 1330 1178 Lindo-

383 1218 508 1293 colino,
521 1215 696 1280 Robertus
709 1216 751 1278 de
769 1214 976 1292 Herefordo,
993 1213 1155 1294 Nigellus
1172 1212 1214 1277 dc
1233 1213 1330 1292 Heli,

382 1315 558 1380 Robertus
583 1315 625 1378 de
643 1314 837 1379 Bethania:
862 1315 1004 1376 abbates
1027 1314 1143 1390 etiam,
1167 1312 1330 1394 ingulfus

382 1414 424 1478 de
450 1413 678 1490 Abbenduna,
700 1413 890 1477 Edwardus
916 1413 958 1475 de
985 1412 1174 1494 Radinges
1200 1412 1327 1476 Petrus

382 1513 425 1576 de
450 1513 702 1589 Malmesbiria,
720 1511 919 1577 Gilebertus
945 1511 987 1575 dc
1011 1510 1228 1588 Gloecestra,
1253 1511 1328 1575 Ro-

382 1612 498 1695 gerius
516 1611 558 1675 de
572 1610 834 1687 Theckesbiria,
850 1619 885 1675 et
901 1611 1058 1674 nonnulli
1076 1611 1147 1674 alii.
1200 1610 1328 1674 Paucis

381 1717 461 1794 post
484 1711 605 1775 diebus
632 1710 847 1775 Thetbaldus
874 1709 1134 1774 cantuariensis
1158 1710 1328 1792 archiepi-

381 1829 507 1892 scopus
525 1811 620 1874 venit
646 1810 691 1873 ad
715 1811 967 1892 imperatricem
994 1809 1086 1891 apud
1104 1803 1326 1886 ¹Wiltunam,

380 1910 548 1974 invitatus
572 1928 595 1972 a
615 1909 752 1990 legato:
776 1909 911 1972 distulit
936 1927 1020 1971 sane
1043 1907 1244 1972 fidelitatem
1266 1907 1328 1972 do-

380 2010 483 2071 minae
513 2008 645 2087 facere;
684 2007 879 2071 inconsulto
907 2026 988 2087 rege
1022 2007 1109 2070 alias
1145 2007 1326 2084 divertere,

380 2107 482 2170 famae
496 2126 722 2190 personaeque
733 2125 805 2169 suae
821 2106 999 2187 indignum
1017 2107 1215 2169 arbitratus,
1251 2107 1326 2170 Ita·

380 2226 448 2287 que
470 2213 505 2270 et
525 2207 600 2289 ipse
619 2213 655 2270 et
671 2205 825 2288 plerique
842 2205 1019 2287 praesules,
1040 2224 1117 2268 eum
1139 2205 1326 2287 aliquantis

380 2305 491 2382 laicis,
506 2305 665 2388 permissi
686 2305 731 2368 ad
756 2323 872 2385 regem
886 2304 937 2367 ire
952 2311 987 2368 et
1003 2305 1165 2385 colloqui,
1180 2303 1326 2386 dignan-

381 2411 502 2487 terque
524 2405 711 2487 impetrata
732 2404 834 2467 venia
857 2409 895 2466 ut
920 2403 956 2465 in
981 2403 1220 2466 necessitatem
1240 2411 1325 2467 tem·

379 2505 690 2585 poristransirent,
703 2504 739 2566 iu
755 2501 961 2566 sententiam
976 2501 1084 2584 legati
1097 2495 1325 2567 'concessere

380 2601 530 2677 Pascha,
554 2602 645 2683 qued
669 2609 753 2665 tunc
779 2600 845 2664 fuit
867 2600 969 2664 tertio
993 2600 1160 2665 kalendas
1180 2599 1325 2684 Aprilis,

378 2700 582 2782 imperatrix
597 2699 690 2781 apud
705 2699 963 2764 Oxenelordum
984 2700 1076 2781 egit3
1100 2719 1122 2764 a
1138 2701 1272 2764 caeteris
1288 2701 1324 2764 in

377 2817 442 2862 sua
457 2797 657 2862 discessum.

378 2991 552 3050 QUOMODO
587 2990 743 3038 SOLEMNl
776 2990 945 3038 OONOILIO
977 2990 1255 3038 IMPERATRIOEM
1284 2990 1323 3037 IN

499 3091 670 3142 DOMINAM
694 3090 839 3137 ANGLIAE
862 3089 1202 3138 CONFIRMAVERINT.

242 3226 272 3255 un
310 3227 323 3255 ι
427 3198 515 3282 §dd
535 3198 637 3262 Feria
654 3197 805 3262 secunda
819 3203 899 3278 post
914 3204 1057 3261 octavas
1072 3197 1230 3274 Paschae,
1241 3217 1322 3262 cen-

214 3277 314 3366 alii·
348 3294 354 3306 '
376 3298 492 3362 cilium
508 3297 757 3381 archiepiscopi
768 3295 966 3360 Cantuariae
977 3295 1185 3373 Thedbaldi,
1201 3304 1236 3360 et
1251 3317 1323 3360 om-

375 3396 470 3459 nium
498 3397 737 3478 episcoporum
765 3393 913 3476 Angliae,
941 3395 1196 3476 multorumque
1218 3396 1323 3458 abba·

376 3503 460 3571 turn,
474 3495 591 3575 legato
611 3495 829 3577 praesidente,
844 3493 1034 3558 Winteniae
1055 3495 1188 3575 ingenti
1215 3513 1322 3576 appa-

374 3600 454 3657 ratu
476 3593 662 3676 inceptum.
715 3593 752 3657 Si
769 3593 828 3676 qui
844 3592 1039 3668 defuerunt,
1054 3593 1180 3674 legatis
1194 3600 1229 3656 et
1245 3594 1331 3657 lite·.

374 3692 423 3755 ris
448 3711 571 3757 causas
593 3712 654 3756 cur
679 3713 748 3758 non
764 3692 940 3756 venissent
965 3692 1144 3757 dederunt.
1195 3686 1322 3775 ³Cujus

375 3792 510 3856 concilii
527 3792 668 3868 actioni,
683 3793 766 3875 quia
781 3791 934 3868 interfui,
948 3791 1120 3872 integram
1137 3810 1250 3855 rerum
1263 3811 1323 3855 ve·

389 4015 393 4022 '
408 4021 417 4053 ¹
434 4022 591 4086 Wiltaanm.]
609 4023 658 4081 13.;
674 4035 742 4070 some
760 4021 835 4071 MSS.
895 4018 907 4052 ⁸
928 4020 1136 4084 turicremam]
1161 4021 1216 4070 El.
1235 4021 1258 4071 is
1279 4022 1325 4070 de-

372 4094 433 4142 read
444 4093 605 4156 erronecusly
615 4091 803 4140 ‘wintoniam'
861 4091 952 4140 factive
970 4091 1034 4140 from
1051 4090 1123 4140 these
1134 4092 1218 4139 words
1234 4096 1260 4140 to
1270 4092 1278 4120 ‘
1287 4092 1325 4141 le·

408 4159 419 4192 ²
438 4162 608 4224 Ouxama]
632 4163 686 4210 El.
696 4175 704 4222 ;
729 4173 838 4220 cessere,
862 4161 957 4224 gatiani
971 4175 1019 4210 sua
1037 4160 1233 4224 impedimente,'
1250 4161 1264 4224 ξ
1281 4165 1324 4223 70,

374 4232 402 4280 S.
414 4233 449 4282 D.
463 4233 487 4280 Ε
495 4237 519 4282 2.
532 4232 586 4281 Μ.
861 4245 887 4291 p.
899 4234 956 4279 765.
