3152 4970
215 479 284 526 nm.
300 463 350 543 v.]
432 479 547 529 essm
571 480 697 528 ancum
722 479 933 528 russonum.
1100 465 1166 529 643

215 633 259 697 lis
276 626 423 712 ¹amore,
449 635 630 698 mulierum
660 635 791 715 gremio
818 635 1077 701 infunderetur:
1102 656 1165 701 nec

170 731 171 734 ’
216 732 418 815 dignaretur
441 735 586 797 advenae
613 733 834 797 delectationi
865 736 1019 816 praebere
1047 754 1164 799 assen-

218 851 306 910 sum,
324 834 390 897 nisi
407 835 466 897 ubi
488 834 622 914 regium
644 852 761 896 semen
779 834 965 915 procedere
987 842 1106 916 posset
1127 835 1164 898 in

216 931 396 1011 effectum3
430 931 606 996 effundens
636 939 796 995 naturam
827 939 866 996 ut
895 933 1066 1010 dominus,
1095 954 1164 998 non

217 1031 460 1113 obtemperans
482 1030 616 1095 libidini
643 1037 683 1093 ut
707 1030 870 1095 famulus.
913 1031 1009 1096 Cibis
1030 1032 1164 1096 indiffe-

217 1137 333 1193 renter
356 1137 469 1207 utenS,
500 1131 680 1212 magisque
705 1130 850 1212 explens
876 1133 1035 1208 esuriem,
1059 1150 1164 1215 quam

217 1229 336 1292 multis
372 1229 525 1294 obsoniis
550 1247 678 1309 urgens
711 1228 920 1310 ingluviem3
952 1231 1051 1312 potui
1075 1250 1164 1294 nun·
1209 1315 1211 1320 Ι

219 1347 324 1409 quam
341 1335 469 1410 praeter
480 1329 573 1391 sitim
586 1327 782 1408 indulgens.
815 1328 1048 1393 Continentiae
1063 1329 1165 1394 mini·

217 1445 311 1489 mum
328 1446 508 1490 excessum
522 1433 596 1490 tum
618 1427 658 1489 in
677 1427 749 1489 suis
771 1434 845 1489 tum
866 1428 903 1489 in
926 1429 1084 1491 omnibus
1102 1448 1164 1491 ex·

218 1544 352 1589 ecrans.
387 1527 507 1590 Somni
524 1526 653 1606 gravis
665 1532 700 1589 et
715 1545 817 1608 quem
832 1525 993 1608 frequens
1006 1527 1162 1592 roncatio

217 1625 493 1706 interrumperet.
530 1623 725 1687 Facultatis
739 1624 777 1687 in
794 1623 939 1688 dicendo
963 1626 1074 1706 magis
1093 1626 1162 1689 for-

218 1724 317 1786 tuitae
334 1743 438 1807 quam
465 1723 672 1802 elaboratae3
697 1742 760 1786 nec
785 1724 986 1807 praecipitis
1005 1725 1065 1788 sed
1088 1744 1162 1789 ma-

219 1828 319 1886 turae.
1223 1874 1226 1880 s

270 1921 378 2004 5413.
402 1920 550 1986 Pietatis
576 1922 613 1986 in
630 1922 744 1986 Deum
766 1921 1010 2004 praedicandae,
1024 1942 1163 1988 monas·
1176 1937 1218 1978 111⁸
1226 1937 1290 1988 rien·

219 2021 307 2083 teria
321 2022 357 2083 in
370 2020 501 2102 Anglia
514 2028 549 2085 et
564 2021 780 2086 Normannia
793 2024 990 2086 construxit
1002 2043 1011 2103 ;
1038 2024 1164 2105 quibus

219 2120 301 2201 quia
329 2120 488 2183 nondum·
512 2140 707 2202 supremam
735 2139 875 2184 manum
898 2123 1075 2204 imposuit,
1098 2143 1164 2204 ego

220 2237 358 2300 quoque
391 2219 529 2283 interim
552 2219 722 2303 judicium
746 2238 860 2282 meum
883 2220 1070 2298 differrem,
1098 2222 1166 2285 nisi

219 2337 275 2380 me
300 2318 749 2399 Radingensiumlratrum
784 2319 935 2383 charitas
959 2327 1074 2384 tacere
1096 2339 1165 2385 non

219 2417 358 2481 sineret.
411 2417 491 2482 Hoc
516 2417 575 2482 ille
600 2419 794 2482 coenobium
822 2419 1001 2482 interduo
1024 2419 1166 2483 flumina

222 2515 396 2580 Kenetam
418 2523 453 2580 et
466 2516 673 2580 Tamensem
696 2517 887 2594 constituit,
904 2517 981 2582 loco
998 2519 1057 2582 ubi
1079 2538 1168 2600 pene

221 2615 373 2679 omnium
397 2615 634 2680 itinerantium
652 2616 696 2679 ad
713 2617 951 2699 populosiores
974 2620 1078 2682 urbes
1091 2618 1166 2683 An-

220 2713 301 2794 gliae
317 2722 435 2796 posset
455 2733 531 2780 esse
545 2715 792 2795 diversorium
815 2717 1001 2799 posuitque
1023 2717 1070 2782 ibi
1092 2737 1167 2780 mo-

220 2813 349 2877 nachos
368 2814 626 2892 Cluniaeauses,
641 2816 701 2898 qui
726 2822 808 2878 sunt
834 2815 936 2879 hodie
961 2817 1166 2898 praeclarum

221 2912 417 2977 sanctitatis
440 2914 649 2998 exemplum,
671 2913 920 2996 hospitalitatis
936 2915 1118 2980 indefessae
1132 2923 1167 2981 et

219 3008 330 3076 dulcis
353 3013 537 3077 indicium:
570 3013 688 3077 videas
718 3013 881 3095 ibiquod
908 3033 978 3078 non
1005 3014 1100 3091 alibi,
1126 3021 1166 3078 ut

219 3110 298 3190 plus
312 3111 478 3192 hospites,
492 3111 576 3175 totis
590 3111 684 3174 horis
699 3111 889 3188 venientes,
904 3130 1008 3193 quam
1030 3113 1166 3177 inhabi-

220 3215 335 3274 tantes
349 3211 535 3272 insumant.
589 3209 854 3291 Praeproperum
876 3229 931 3273 me
953 3217 988 3273 et
1007 3210 1166 3276 adulato-

159 3370 160 3373 ,
220 3325 291 3370 rem
306 3307 453 3371 fortasse
468 3308 547 3391 quis
562 3307 701 3384 dixerit,
711 3308 803 3389 quod
819 3327 910 3372 nunc
921 3307 1069 3390 primum
1084 3329 1166 3374 nas·

222 3413 356 3470 centem
378 3407 579 3490 religionem
601 3412 699 3471 tanto
722 3407 860 3470 efferam
886 3409 1072 3490 praeconio,
1106 3428 1166 3473 ne·

205 3504 332 3569 'sciens
361 3506 443 3588 quid
471 3513 619 3570 ventura
643 3504 758 3588 pariat
789 3505 882 3586 dies3
917 3507 978 3570 sed
1007 3507 1074 3590 ipsi
1107 3505 1165 3594 (ut

220 3601 339 3690 spero)
356 3624 434 3668 cum
452 3605 520 3670 Dei
542 3606 657 3687 gratia
679 3605 854 3669 enitentur
875 3612 914 3669 ut
935 3607 973 3669 in
993 3609 1084 3672 bono
1102 3607 1166 3672 du·

218 3711 307 3768 rent.
339 3704 415 3786 Ego
432 3725 502 3768 non
518 3707 682 3769 erubesco
695 3704 726 3767 si
741 3705 871 3768 sanctis
887 3705 970 3770 viris
987 3706 1162 3787 blandiar3

221 3811 256 3866 et
272 3805 400 3867 bonum
414 3804 505 3887 quod
521 3804 558 3866 in
573 3824 627 3867 me
643 3803 846 3886 nonhabeo,
863 3803 900 3867 in
914 3805 992 3867 aliis
1006 3805 1165 3870 admirer.

219 3901 452 3966 Investituras
466 3903 687 3966 ecclesiarum
701 3903 778 3967 Deo
794 3909 829 3967 et
851 3910 972 3968 sancto
989 3902 1095 3968 Petro
1113 3925 1167 3969 re·

219 4000 324 4079 misit,
358 4010 438 4085 post
469 4002 597 4065 multas
625 4002 879 4067 controversias
904 4002 996 4067 inter
1023 4023 1101 4067 eum
1132 4013 1167 4068 et

764 4096 771 4120 ,
848 4096 852 4105 .

413 4237 421 4270 ¹
434 4237 544 4300 Amore]
564 4240 598 4291 A.
611 4241 640 4292 S.
654 4243 683 4291 C.
696 4243 731 4292 D.
743 4243 801 4294 Μ.
814 4259 821 4304 ;
835 4243 937 4305 amoris,
948 4243 981 4292 Ε.
