3152 4970
387 465 455 531 676
609 479 723 528 casm
746 479 872 527 nncuu
897 479 1110 527 sucnonnu.
1199 465 1285 546 [mn.
1306 481 1342 529 v.

390 636 484 720 qnod
508 656 697 719 nunquam,
714 643 900 719 postquam
918 636 1156 700 monachicum
1182 637 1341 702 habitum

390 736 593 820 accepisset,
617 757 639 800 a
663 736 888 819 completorio
911 737 1032 800 exiens
1066 755 1176 819 usque
1209 738 1253 802 ad
1285 759 1340 802 se·

392 838 530 920 quentis
561 837 630 900 diei
654 836 800 918 primam
831 837 970 900 locutus
1001 837 1135 900 fuisset.
1186 837 1340 902 Sabbatc

392 943 511 1001 autem
536 942 702 1018 sequente
730 936 811 999 dum
841 936 893 1000 ita
916 943 1103 1018 quassatus
1135 955 1173 999 se
1199 944 1341 1020 putaret

389 1036 465 1120 jam
486 1037 629 1120 jamque
659 1035 815 1118 defungi,
845 1042 1028 1118 surgentes
1057 1035 1101 1099 ad
1132 1037 1339 1100 matutinam

394 1137 556 1220 synaxim
582 1136 706 1199 fratres
728 1135 772 1198 ad
796 1154 834 1198 se
854 1135 1090 1216 inungendum
1108 1137 1227 1199 venire
1248 1156 1339 1218 pree-

392 1237 508 1319 cepit3
535 1253 714 1317 quoscum
730 1235 893 1298 inunctus
909 1255 954 1298 ex
968 1255 1062 1298 more
1078 1235 1227 1298 osculari
1240 1237 1339 1300 volu·

393 1335 491 1412 isset,
518 1335 624 1399 nimio
656 1355 774 1398 eorum
805 1335 1002 1417 compulsus
1033 1353 1162 1411 amore,
1189 1356 1259 1399 non
1282 1335 1340 1418 ja-

395 1434 515 1512 cendo,
546 1454 609 1498 nec
638 1434 801 1510 sedendo,
830 1437 903 1510 sed,
937 1435 1095 1516 quamvis
1122 1434 1165 1497 ad
1196 1442 1342 1499 mortem

395 1536 572 1611 anxiatus,
587 1533 676 1597 inter
689 1533 831 1596 brachia
852 1541 1067 1598 sustentatus
1091 1534 1217 1598 stando
1238 1553 1339 1598 oscu-

394 1634 488 1697 latus
505 1639 570 1696 est.
621 1633 688 1696 Die
706 1632 927 1697 illucescente
944 1634 979 1696 in
999 1634 1188 1716 capitulum
1203 1634 1339 1711 ductus,

395 1752 474 1796 cum
499 1732 659 1810 sedisset,
689 1731 813 1796 fratres
836 1740 918 1796 ante
939 1751 976 1796 se
1002 1753 1120 1797 omnes
1143 1735 1261 1824 venire
1287 1754 1341 1797 ro

396 1833 516 1914 gavit3
543 1833 668 1914 quibus
685 1839 865 1914 paternam
886 1833 1160 1897 benedictionem
1183 1841 1219 1897 et
1240 1834 1341 1896 abso·

395 1932 563 1997 lationem
583 1933 794 2014 impertiens,
816 1932 908 1996 idem
933 1933 1000 1996 sibi
1024 1934 1068 1996 ab
1089 1933 1132 1997 iis
1147 1933 1258 1997 voluit
1279 1934 1342 1996 im-

363 2107 366 2116 ,
396 2032 528 2115 pertiti.
580 2031 711 2096 Postea
732 2032 849 2096 docuit
864 2032 959 2113 quid,
984 2033 1014 2096 si
1036 2033 1158 2110 obiret,
1178 2033 1227 2096 eis
1250 2040 1343 2097 esset

397 2132 581 2215 agendum.
634 2132 759 2215 Sicque
785 2151 962 2214 regressus
992 2139 1046 2196 est
1072 2134 1164 2196 unde
1187 2139 1342 2210 venerat,

397 2233 568 2314 reliquum
593 2231 661 2296 diei
683 2252 760 2295 cum
783 2233 941 2314 sequenti
956 2232 1139 2296 Dominica
1164 2232 1343 2314 aliquanto

397 2333 548 2415 quietius
563 2332 779 2414 transigens:
802 2351 880 2395 cum
906 2351 984 2396 ecce
1005 2339 1085 2414 post
1107 2331 1194 2408 baec,
1219 2333 1255 2395 id
1277 2339 1343 2409 est,

397 2439 479 2514 post
502 2432 733 2509 Dominicam,
755 2431 965 2495 imminentis
992 2432 1113 2495 mortis
1135 2431 1263 2495 indicia
1284 2432 1343 2496 de·

396 2530 678 2614 prehenduntur3
714 2539 751 2594 et
781 2532 857 2614 ipse
888 2531 1047 2594 manibus
1081 2530 1222 2608 ablutis,
1253 2551 1345 2613 pexo

396 2631 523 2712 capite,
553 2631 694 2694 missam
718 2631 899 2694 auditurus
926 2631 1114 2695 oratorium
1140 2631 1346 2713 ingreditur,

397 2735 604 2811 sumptoque
629 2748 773 2811 corpore
799 2736 835 2792 et
857 2732 1027 2812 sanguine
1043 2731 1185 2796 Domini
1210 2731 1255 2793 ad
1275 2733 1346 2794 lec-

372 2836 472 2893 ·tum
502 2846 680 2908 regressus
708 2835 773 2892 est.
835 2828 922 2892 Post
949 2829 1121 2894 modicum
1151 2831 1344 2895 obmutuit:

396 2929 523 2992 sratres
533 2935 616 2991 ante
626 2926 724 2990 illum
733 2928 911 2992 venientes
922 2930 1100 3012 sigillatim
1110 2931 1347 3008 benedicebat,

397 3029 502 3092 simili
515 3026 616 3091 modo
631 3034 742 3091 totum
758 3036 965 3094 conventum
978 3050 987 3110 ;
1016 3037 1053 3093 at
1069 3051 1164 3108 vero,
1184 3031 1293 3094 oculis
1310 3031 1347 3093 in

398 3129 525 3193 coelum
545 3128 681 3205 erectis
703 3134 851 3210 utraque
865 3147 972 3192 mann
991 3130 1165 3193 dominum
1188 3131 1348 3193 abbatem

399 3249 478 3293 cum
492 3229 650 3293 omnibus
666 3228 732 3291 sibi
745 3229 936 3293 commissis
949 3230 1149 3293 benedicere
1163 3231 1348 3294 nitebatur.

402 3329 564 3410 Rogatus
587 3335 704 3391 autem
730 3347 752 3391 a
774 3328 940 3392 fratribus
961 3336 1003 3392 ut
1029 3331 1121 3412 apud
1147 3330 1274 3406 Deum,
1304 3328 1348 3392 ad

401 3449 503 3512 quem
519 3428 604 3504 ibat,
621 3447 739 3491 eorum
756 3448 888 3493 memor
899 3436 1003 3506 esset,
1014 3422 1137 3511 ¹caput
1149 3429 1348 3492 inclinando

401 3526 646 3609 benignissime
660 3527 845 3610 acquievit.
898 3527 988 3592 Haec
1004 3536 1041 3593 et
1056 3528 1110 3592 his
1125 3529 1251 3593 similia
1271 3549 1349 3593 cum

403 3626 552 3702 fecisset,
565 3626 679 3690 innuit
694 3628 759 3690 sibi
779 3628 909 3710 porrigi
926 3647 1061 3692 crucem
1075 3649 1084 3708 3
1101 3647 1205 3710 quam
1222 3629 1349 3711 capite,

402 3725 472 3790 imo
489 3732 564 3789 toto
579 3745 722 3810 corpore
738 3726 905 3792 inclinato
920 3729 1081 3805 adorans,
1096 3729 1255 3792 manibus
1278 3747 1351 3791 am-

401 3827 564 3910 plexans,
585 3826 667 3890 laeto
690 3845 749 3890 ore
772 3827 925 3891 salutare
939 3828 1122 3904 videbatur
1142 3835 1179 3892 et
1196 3828 1351 3912 jocundo

404 3921 545 3991 ²affectn
569 3925 857 4008 deosculabatur3
881 3947 959 3990 cnm
986 3929 1080 3992 illico
1107 3935 1264 3993 astantes
1286 3929 1352 3990 mi·-

439 4192 449 4225 ¹
463 4197 563 4260 Caput]
591 4195 625 4247 Δ.
645 4197 675 4246 G.
692 4195 727 4245 D.
748 4196 780 4244 E.
797 4197 866 4257 na.;
926 4194 1070 4262 9Αχῖεοίιι.]
1081 4197 1116 4248 Α.
1128 4199 1157 4248 S.
1169 4198 1238 4258 La.;
1250 4199 1354 4250 omitted

402 4266 497 4328 capite,
508 4266 536 4315 S.
891 4268 918 4314 in
930 4269 960 4316 C.
973 4268 1008 4318 D.
1021 4269 1053 4318 Ε.

1550 426 1563 475 't
