<?xml version="1.0" encoding="UTF-8"?>
<!DOCTYPE html PUBLIC "-//W3C//DTD XHTML 1.0 Transitional//EN"
    "http://www.w3.org/TR/xhtml1/DTD/xhtml1-transitional.dtd">
<html xmlns="http://www.w3.org/1999/xhtml" xml:lang="en" lang="en">
 <head>
  <title>
</title>
<meta http-equiv="Content-Type" content="text/html;charset=utf-8" />
  <meta name='ocr-system' content='tesseract 3.04.00' />
  <meta name='ocr-capabilities' content='ocr_page ocr_carea ocr_par ocr_line ocrx_word'/>
</head>
<body>
  <div class='ocr_page' id='page_1' title='image "./willelmimalmesb00hardgoog_0368.png"; bbox 0 0 3152 4970; ppageno 0'>
   <div class='ocr_carea' id='block_1_1' title="bbox 246 629 380 722">
    <p class='ocr_par' dir='ltr' id='par_1_1' title="bbox 246 629 380 722">
     <span class='ocr_line' id='line_1_1' title="bbox 246 629 365 669; baseline 0 0"><span class='ocrx_word' id='word_1_1' title='bbox 246 629 334 669; x_wconf 72' lang='lat' dir='ltr'><strong>enneli</strong></span> <span class='ocrx_word' id='word_1_2' title='bbox 342 633 365 669; x_wconf 77' lang='lat' dir='ltr'><strong>at</strong></span> 
     </span>
     <span class='ocr_line' id='line_1_2' title="bbox 247 677 380 722; baseline 0.008 -3"><span class='ocrx_word' id='word_1_3' title='bbox 247 677 380 722; x_wconf 73' lang='lat' dir='ltr'><strong>winchester</strong></span> 
     </span>
    </p>
   </div>
   <div class='ocr_carea' id='block_1_2' title="bbox 407 437 1364 519">
    <p class='ocr_par' dir='ltr' id='par_1_2' title="bbox 407 437 1364 519">
     <span class='ocr_line' id='line_1_3' title="bbox 407 437 1364 519; baseline -0.002 -17"><span class='ocrx_word' id='word_1_4' title='bbox 407 437 473 502; x_wconf 75' lang='lat'><strong>⁷22</strong></span> <span class='ocrx_word' id='word_1_5' title='bbox 695 454 869 503; x_wconf 78' lang='lat' dir='ltr'><strong>fflsroarr</strong></span> <span class='ocrx_word' id='word_1_6' title='bbox 892 453 1067 502; x_wconf 73' lang='lat' dir='ltr'><strong>novrum.</strong></span> <span class='ocrx_word' id='word_1_7' title='bbox 1219 438 1307 519; x_wconf 81' lang='lat' dir='ltr'><strong>[ns.</strong></span> <span class='ocrx_word' id='word_1_8' title='bbox 1323 455 1364 501; x_wconf 86' lang='grc' dir='ltr'><strong>ιι.</strong></span> 
     </span>
    </p>
   </div>
   <div class='ocr_carea' id='block_1_3' title="bbox 405 611 1385 3082">
    <p class='ocr_par' dir='ltr' id='par_1_3' title="bbox 406 611 1385 2184">
     <span class='ocr_line' id='line_1_4' title="bbox 408 611 1363 694; baseline 0 -18"><span class='ocrx_word' id='word_1_9' title='bbox 408 611 529 689; x_wconf 87' lang='lat' dir='ltr'><strong>nisset,</strong></span> <span class='ocrx_word' id='word_1_10' title='bbox 543 611 601 676; x_wconf 88' lang='lat' dir='ltr'><strong>ille</strong></span> <span class='ocrx_word' id='word_1_11' title='bbox 626 611 765 676; x_wconf 87' lang='lat' dir='ltr'><strong>adeam</strong></span> <span class='ocrx_word' id='word_1_12' title='bbox 784 629 863 676; x_wconf 90' lang='lat' dir='ltr'><strong>cum</strong></span> <span class='ocrx_word' id='word_1_13' title='bbox 886 611 1069 694; x_wconf 81' lang='lat' dir='ltr'><strong>nepotibus</strong></span> <span class='ocrx_word' id='word_1_14' title='bbox 1092 617 1128 674; x_wconf 89' lang='lat' dir='ltr'><strong>et</strong></span> <span class='ocrx_word' id='word_1_15' title='bbox 1147 611 1300 675; x_wconf 81' lang='lat' dir='ltr'><strong>castellis</strong></span> <span class='ocrx_word' id='word_1_16' title='bbox 1322 631 1363 676; x_wconf 90' lang='lat' dir='ltr'><strong>se</strong></span> 
     </span>
     <span class='ocr_line' id='line_1_5' title="bbox 407 709 1360 793; baseline -0.001 -17"><span class='ocrx_word' id='word_1_17' title='bbox 407 709 590 776; x_wconf 78' lang='lat' dir='ltr'><strong>conferret.</strong></span> <span class='ocrx_word' id='word_1_18' title='bbox 653 710 827 793; x_wconf 87' lang='lat' dir='ltr'><strong>Rogerius</strong></span> <span class='ocrx_word' id='word_1_19' title='bbox 856 711 977 793; x_wconf 82' lang='lat' dir='ltr'><strong>itaque</strong></span> <span class='ocrx_word' id='word_1_20' title='bbox 999 717 1125 793; x_wconf 87' lang='lat' dir='ltr'><strong>captus</strong></span> <span class='ocrx_word' id='word_1_21' title='bbox 1154 709 1200 774; x_wconf 89' lang='lat' dir='ltr'><strong>sit</strong></span> <span class='ocrx_word' id='word_1_22' title='bbox 1227 729 1298 774; x_wconf 88' lang='lat' dir='ltr'><strong>non</strong></span> <span class='ocrx_word' id='word_1_23' title='bbox 1319 718 1360 775; x_wconf 92' lang='lat' dir='ltr'><strong>ut</strong></span> 
     </span>
     <span class='ocr_line' id='line_1_6' title="bbox 407 810 1360 893; baseline 0.001 -19"><span class='ocrx_word' id='word_1_24' title='bbox 407 811 603 893; x_wconf 87' lang='lat' dir='ltr'><strong>episcopus,</strong></span> <span class='ocrx_word' id='word_1_25' title='bbox 619 810 680 874; x_wconf 88' lang='lat' dir='ltr'><strong>sed</strong></span> <span class='ocrx_word' id='word_1_26' title='bbox 705 817 746 874; x_wconf 88' lang='lat' dir='ltr'><strong>nt</strong></span> <span class='ocrx_word' id='word_1_27' title='bbox 765 811 859 892; x_wconf 88' lang='lat' dir='ltr'><strong>regis</strong></span> <span class='ocrx_word' id='word_1_28' title='bbox 875 811 1043 887; x_wconf 86' lang='lat' dir='ltr'><strong>serviens,</strong></span> <span class='ocrx_word' id='word_1_29' title='bbox 1060 811 1123 893; x_wconf 89' lang='lat' dir='ltr'><strong>qui</strong></span> <span class='ocrx_word' id='word_1_30' title='bbox 1144 818 1179 875; x_wconf 86' lang='lat' dir='ltr'><strong>et</strong></span> <span class='ocrx_word' id='word_1_31' title='bbox 1193 829 1360 892; x_wconf 90' lang='lat' dir='ltr'><strong>procura·</strong></span> 
     </span>
     <span class='ocr_line' id='line_1_7' title="bbox 407 908 1359 993; baseline 0.001 -20"><span class='ocrx_word' id='word_1_32' title='bbox 407 909 521 974; x_wconf 89' lang='lat' dir='ltr'><strong>tiones</strong></span> <span class='ocrx_word' id='word_1_33' title='bbox 547 909 624 993; x_wconf 87' lang='lat' dir='ltr'><strong>ejus</strong></span> <span class='ocrx_word' id='word_1_34' title='bbox 649 909 906 974; x_wconf 80' lang='lat' dir='ltr'><strong>administraret</strong></span> <span class='ocrx_word' id='word_1_35' title='bbox 929 916 966 973; x_wconf 88' lang='lat' dir='ltr'><strong>et</strong></span> <span class='ocrx_word' id='word_1_36' title='bbox 986 908 1155 974; x_wconf 86' lang='lat' dir='ltr'><strong>solidatas</strong></span> <span class='ocrx_word' id='word_1_37' title='bbox 1175 910 1359 991; x_wconf 88' lang='lat' dir='ltr'><strong>acciperet.</strong></span> 
     </span>
     <span class='ocr_line' id='line_1_8' title="bbox 408 1005 1358 1092; baseline 0.002 -20"><span class='ocrx_word' id='word_1_38' title='bbox 408 1005 566 1074; x_wconf 83' lang='lat' dir='ltr'><strong>Castella</strong></span> <span class='ocrx_word' id='word_1_39' title='bbox 585 1027 656 1073; x_wconf 90' lang='lat' dir='ltr'><strong>non</strong></span> <span class='ocrx_word' id='word_1_40' title='bbox 685 1028 748 1092; x_wconf 89' lang='lat' dir='ltr'><strong>per</strong></span> <span class='ocrx_word' id='word_1_41' title='bbox 772 1009 974 1074; x_wconf 86' lang='lat' dir='ltr'><strong>violentiam</strong></span> <span class='ocrx_word' id='word_1_42' title='bbox 1002 1028 1067 1088; x_wconf 76' lang='lat' dir='ltr'><strong>rex</strong></span> <span class='ocrx_word' id='word_1_43' title='bbox 1092 1009 1268 1092; x_wconf 89' lang='lat' dir='ltr'><strong>eripuerit,</strong></span> <span class='ocrx_word' id='word_1_44' title='bbox 1297 1010 1358 1074; x_wconf 90' lang='lat' dir='ltr'><strong>sed</strong></span> 
     </span>
     <span class='ocr_line' id='line_1_9' title="bbox 407 1107 1359 1191; baseline 0.001 -20"><span class='ocrx_word' id='word_1_45' title='bbox 407 1108 562 1191; x_wconf 87' lang='lat' dir='ltr'><strong>episcopi</strong></span> <span class='ocrx_word' id='word_1_46' title='bbox 585 1108 687 1174; x_wconf 88' lang='lat' dir='ltr'><strong>ambo</strong></span> <span class='ocrx_word' id='word_1_47' title='bbox 709 1115 890 1190; x_wconf 77' lang='lat' dir='ltr'><strong>gratanter</strong></span> <span class='ocrx_word' id='word_1_48' title='bbox 910 1107 1132 1186; x_wconf 76' lang='lat' dir='ltr'><strong>reddiderint,</strong></span> <span class='ocrx_word' id='word_1_49' title='bbox 1163 1114 1204 1171; x_wconf 91' lang='lat' dir='ltr'><strong>ut</strong></span> <span class='ocrx_word' id='word_1_50' title='bbox 1228 1107 1359 1172; x_wconf 89' lang='lat' dir='ltr'><strong>calum-</strong></span> 
     </span>
     <span class='ocr_line' id='line_1_10' title="bbox 407 1207 1357 1291; baseline 0.001 -19"><span class='ocrx_word' id='word_1_51' title='bbox 407 1207 502 1272; x_wconf 88' lang='lat' dir='ltr'><strong>niam</strong></span> <span class='ocrx_word' id='word_1_52' title='bbox 527 1207 570 1273; x_wconf 92' lang='lat' dir='ltr'><strong>de</strong></span> <span class='ocrx_word' id='word_1_53' title='bbox 601 1207 754 1274; x_wconf 89' lang='lat' dir='ltr'><strong>tumultu</strong></span> <span class='ocrx_word' id='word_1_54' title='bbox 776 1226 879 1291; x_wconf 89' lang='lat' dir='ltr'><strong>quem</strong></span> <span class='ocrx_word' id='word_1_55' title='bbox 911 1209 948 1271; x_wconf 93' lang='lat' dir='ltr'><strong>in</strong></span> <span class='ocrx_word' id='word_1_56' title='bbox 975 1209 1074 1272; x_wconf 86' lang='lat' dir='ltr'><strong>curia</strong></span> <span class='ocrx_word' id='word_1_57' title='bbox 1097 1207 1357 1273; x_wconf 78' lang='lat' dir='ltr'><strong>concitaverant</strong></span> 
     </span>
     <span class='ocr_line' id='line_1_11' title="bbox 406 1300 1358 1391; baseline 0 -21"><span class='ocrx_word' id='word_1_58' title='bbox 406 1307 607 1372; x_wconf 86' lang='lat' dir='ltr'><strong>evaderent.</strong></span> <span class='ocrx_word' id='word_1_59' title='bbox 652 1300 894 1391; x_wconf 82' lang='lat' dir='ltr'><strong>¹A1iquantum</strong></span> <span class='ocrx_word' id='word_1_60' title='bbox 908 1307 1131 1390; x_wconf 81' lang='lat' dir='ltr'><strong>pecuniarum</strong></span> <span class='ocrx_word' id='word_1_61' title='bbox 1146 1327 1211 1370; x_wconf 86' lang='lat' dir='ltr'><strong>rex</strong></span> <span class='ocrx_word' id='word_1_62' title='bbox 1228 1307 1266 1371; x_wconf 92' lang='lat' dir='ltr'><strong>in</strong></span> <span class='ocrx_word' id='word_1_63' title='bbox 1281 1326 1358 1371; x_wconf 88' lang='lat' dir='ltr'><strong>cas-</strong></span> 
     </span>
     <span class='ocr_line' id='line_1_12' title="bbox 408 1405 1359 1490; baseline 0.001 -20"><span class='ocrx_word' id='word_1_64' title='bbox 408 1405 500 1470; x_wconf 85' lang='lat' dir='ltr'><strong>tellis</strong></span> <span class='ocrx_word' id='word_1_65' title='bbox 517 1407 700 1484; x_wconf 88' lang='lat' dir='ltr'><strong>invenerit,</strong></span> <span class='ocrx_word' id='word_1_66' title='bbox 715 1423 793 1490; x_wconf 81' lang='lat' dir='ltr'><strong>quae</strong></span> <span class='ocrx_word' id='word_1_67' title='bbox 813 1406 923 1490; x_wconf 88' lang='lat' dir='ltr'><strong>ipsius</strong></span> <span class='ocrx_word' id='word_1_68' title='bbox 939 1406 1093 1488; x_wconf 81' lang='lat' dir='ltr'><strong>legitime</strong></span> <span class='ocrx_word' id='word_1_69' title='bbox 1114 1412 1252 1487; x_wconf 80' lang='lat' dir='ltr'><strong>essent3</strong></span> <span class='ocrx_word' id='word_1_70' title='bbox 1275 1408 1359 1488; x_wconf 91' lang='lat' dir='ltr'><strong>quia</strong></span> 
     </span>
     <span class='ocr_line' id='line_1_13' title="bbox 407 1505 1385 1588; baseline 0.002 -20"><span class='ocrx_word' id='word_1_71' title='bbox 407 1523 468 1568; x_wconf 88' lang='lat' dir='ltr'><strong>eas</strong></span> <span class='ocrx_word' id='word_1_72' title='bbox 492 1511 647 1588; x_wconf 90' lang='lat' dir='ltr'><strong>tempore</strong></span> <span class='ocrx_word' id='word_1_73' title='bbox 663 1505 757 1587; x_wconf 89' lang='lat' dir='ltr'><strong>regis</strong></span> <span class='ocrx_word' id='word_1_74' title='bbox 780 1505 937 1582; x_wconf 90' lang='lat' dir='ltr'><strong>Henrici‚</strong></span> <span class='ocrx_word' id='word_1_75' title='bbox 956 1506 1121 1571; x_wconf 83' lang='lat' dir='ltr'><strong>auunculi</strong></span> <span class='ocrx_word' id='word_1_76' title='bbox 1143 1508 1179 1570; x_wconf 92' lang='lat' dir='ltr'><strong>et</strong></span> <span class='ocrx_word' id='word_1_77' title='bbox 1201 1513 1357 1570; x_wconf 89' lang='lat' dir='ltr'><strong>anteces-</strong></span> <span class='ocrx_word' id='word_1_78' title='bbox 1381 1582 1385 1587; x_wconf 22' lang='lat'><strong><em>¹</em></strong></span> 
     </span>
     <span class='ocr_line' id='line_1_14' title="bbox 407 1603 1357 1688; baseline 0.002 -20"><span class='ocrx_word' id='word_1_79' title='bbox 407 1603 496 1668; x_wconf 88' lang='lat' dir='ltr'><strong>soris</strong></span> <span class='ocrx_word' id='word_1_80' title='bbox 520 1605 587 1681; x_wconf 88' lang='lat' dir='ltr'><strong>sui,</strong></span> <span class='ocrx_word' id='word_1_81' title='bbox 609 1622 654 1668; x_wconf 83' lang='lat' dir='ltr'><strong>ex</strong></span> <span class='ocrx_word' id='word_1_82' title='bbox 673 1605 747 1669; x_wconf 90' lang='lat' dir='ltr'><strong>fisci</strong></span> <span class='ocrx_word' id='word_1_83' title='bbox 764 1605 852 1687; x_wconf 84' lang='lat' dir='ltr'><strong>regii</strong></span> <span class='ocrx_word' id='word_1_84' title='bbox 876 1604 1066 1670; x_wconf 87' lang='lat' dir='ltr'><strong>redditibus</strong></span> <span class='ocrx_word' id='word_1_85' title='bbox 1088 1603 1262 1687; x_wconf 86' lang='lat' dir='ltr'><strong>Rogerins</strong></span> <span class='ocrx_word' id='word_1_86' title='bbox 1284 1606 1357 1688; x_wconf 85' lang='lat' dir='ltr'><strong>epi-</strong></span> 
     </span>
     <span class='ocr_line' id='line_1_15' title="bbox 407 1703 1357 1786; baseline 0.001 -19"><span class='ocrx_word' id='word_1_87' title='bbox 407 1722 534 1786; x_wconf 89' lang='lat' dir='ltr'><strong>seopus</strong></span> <span class='ocrx_word' id='word_1_88' title='bbox 548 1703 757 1786; x_wconf 83' lang='lat' dir='ltr'><strong>collegisset.</strong></span> <span class='ocrx_word' id='word_1_89' title='bbox 794 1704 871 1770; x_wconf 89' lang='lat' dir='ltr'><strong>.Eis</strong></span> <span class='ocrx_word' id='word_1_90' title='bbox 887 1711 1017 1782; x_wconf 90' lang='lat' dir='ltr'><strong>tamen,</strong></span> <span class='ocrx_word' id='word_1_91' title='bbox 1038 1705 1129 1770; x_wconf 90' lang='lat' dir='ltr'><strong>sicut</strong></span> <span class='ocrx_word' id='word_1_92' title='bbox 1141 1711 1176 1768; x_wconf 88' lang='lat' dir='ltr'><strong>et</strong></span> <span class='ocrx_word' id='word_1_93' title='bbox 1193 1705 1357 1783; x_wconf 81' lang='lat' dir='ltr'><strong>castellis,</strong></span> 
     </span>
     <span class='ocr_line' id='line_1_16' title="bbox 407 1802 1357 1887; baseline 0.001 -21"><span class='ocrx_word' id='word_1_94' title='bbox 407 1802 498 1867; x_wconf 90' lang='lat' dir='ltr'><strong>idem</strong></span> <span class='ocrx_word' id='word_1_95' title='bbox 522 1803 651 1887; x_wconf 84' lang='lat' dir='ltr'><strong>praesul</strong></span> <span class='ocrx_word' id='word_1_96' title='bbox 673 1823 736 1887; x_wconf 89' lang='lat' dir='ltr'><strong>pro</strong></span> <span class='ocrx_word' id='word_1_97' title='bbox 752 1805 876 1869; x_wconf 91' lang='lat' dir='ltr'><strong>timore</strong></span> <span class='ocrx_word' id='word_1_98' title='bbox 899 1805 1160 1869; x_wconf 85' lang='lat' dir='ltr'><strong>commissorum</strong></span> <span class='ocrx_word' id='word_1_99' title='bbox 1181 1805 1218 1868; x_wconf 92' lang='lat' dir='ltr'><strong>in</strong></span> <span class='ocrx_word' id='word_1_100' title='bbox 1239 1823 1357 1887; x_wconf 85' lang='lat' dir='ltr'><strong>regem</strong></span> 
     </span>
     <span class='ocr_line' id='line_1_17' title="bbox 407 1901 1356 1986; baseline 0.002 -21"><span class='ocrx_word' id='word_1_101' title='bbox 407 1901 519 1966; x_wconf 89' lang='lat' dir='ltr'><strong>libens</strong></span> <span class='ocrx_word' id='word_1_102' title='bbox 535 1902 698 1968; x_wconf 85' lang='lat' dir='ltr'><strong>cesserit:</strong></span> <span class='ocrx_word' id='word_1_103' title='bbox 725 1902 804 1968; x_wconf 88' lang='lat' dir='ltr'><strong>inde</strong></span> <span class='ocrx_word' id='word_1_104' title='bbox 820 1923 890 1968; x_wconf 92' lang='lat' dir='ltr'><strong>non</strong></span> <span class='ocrx_word' id='word_1_105' title='bbox 903 1904 1023 1969; x_wconf 87' lang='lat' dir='ltr'><strong>deesse</strong></span> <span class='ocrx_word' id='word_1_106' title='bbox 1035 1911 1142 1969; x_wconf 81' lang='lat' dir='ltr'><strong>testes</strong></span> <span class='ocrx_word' id='word_1_107' title='bbox 1156 1903 1242 1986; x_wconf 86' lang='lat' dir='ltr'><strong>regi.</strong></span> <span class='ocrx_word' id='word_1_108' title='bbox 1293 1902 1356 1986; x_wconf 94' lang='lat' dir='ltr'><strong>Ip-</strong></span> 
     </span>
     <span class='ocr_line' id='line_1_18' title="bbox 406 2002 1356 2087; baseline 0.004 -23"><span class='ocrx_word' id='word_1_109' title='bbox 406 2021 484 2065; x_wconf 91' lang='lat' dir='ltr'><strong>sum</strong></span> <span class='ocrx_word' id='word_1_110' title='bbox 496 2002 640 2085; x_wconf 87' lang='lat' dir='ltr'><strong>proinde</strong></span> <span class='ocrx_word' id='word_1_111' title='bbox 653 2003 744 2068; x_wconf 89' lang='lat' dir='ltr'><strong>velle</strong></span> <span class='ocrx_word' id='word_1_112' title='bbox 767 2009 807 2067; x_wconf 89' lang='lat' dir='ltr'><strong>nt</strong></span> <span class='ocrx_word' id='word_1_113' title='bbox 827 2006 932 2086; x_wconf 88' lang='lat' dir='ltr'><strong>pacta</strong></span> <span class='ocrx_word' id='word_1_114' title='bbox 953 2003 1044 2068; x_wconf 89' lang='lat' dir='ltr'><strong>inter</strong></span> <span class='ocrx_word' id='word_1_115' title='bbox 1064 2023 1102 2069; x_wconf 89' lang='lat' dir='ltr'><strong>se</strong></span> <span class='ocrx_word' id='word_1_116' title='bbox 1126 2011 1163 2068; x_wconf 90' lang='lat' dir='ltr'><strong>et</strong></span> <span class='ocrx_word' id='word_1_117' title='bbox 1175 2003 1356 2087; x_wconf 89' lang='lat' dir='ltr'><strong>episcopos</strong></span> 
     </span>
     <span class='ocr_line' id='line_1_19' title="bbox 406 2102 763 2184; baseline 0.003 -19"><span class='ocrx_word' id='word_1_118' title='bbox 406 2107 485 2166; x_wconf 91' lang='lat' dir='ltr'><strong>rata</strong></span> <span class='ocrx_word' id='word_1_119' title='bbox 498 2102 763 2184; x_wconf 84' lang='lat' dir='ltr'><strong>permanerent’</strong></span> 
     </span>
    </p>

    <p class='ocr_par' dir='ltr' id='par_1_4' title="bbox 405 2200 1357 3082">
     <span class='ocr_line' id='line_1_20' title="bbox 459 2200 1357 2285; baseline 0.001 -19"><span class='ocrx_word' id='word_1_120' title='bbox 459 2200 557 2284; x_wconf 65' lang='lat'><strong>§25⁴</strong></span> <span class='ocrx_word' id='word_1_121' title='bbox 580 2201 823 2267; x_wconf 85' lang='lat' dir='ltr'><strong>Reclamatum</strong></span> <span class='ocrx_word' id='word_1_122' title='bbox 853 2208 908 2266; x_wconf 88' lang='lat' dir='ltr'><strong>est</strong></span> <span class='ocrx_word' id='word_1_123' title='bbox 937 2201 1171 2285; x_wconf 86' lang='lat' dir='ltr'><strong>abepiscopo</strong></span> <span class='ocrx_word' id='word_1_124' title='bbox 1203 2201 1357 2285; x_wconf 89' lang='lat' dir='ltr'><strong>Rogerio</strong></span> 
     </span>
     <span class='ocr_line' id='line_1_21' title="bbox 406 2299 1356 2385; baseline 0.002 -21"><span class='ocrx_word' id='word_1_125' title='bbox 406 2307 530 2364; x_wconf 91' lang='lat' dir='ltr'><strong>contra</strong></span> <span class='ocrx_word' id='word_1_126' title='bbox 551 2321 727 2366; x_wconf 85' lang='lat' dir='ltr'><strong>sermones</strong></span> <span class='ocrx_word' id='word_1_127' title='bbox 753 2299 918 2379; x_wconf 81' lang='lat' dir='ltr'><strong>Alberici,</strong></span> <span class='ocrx_word' id='word_1_128' title='bbox 941 2301 1035 2385; x_wconf 90' lang='lat' dir='ltr'><strong>quod</strong></span> <span class='ocrx_word' id='word_1_129' title='bbox 1058 2319 1236 2384; x_wconf 91' lang='lat' dir='ltr'><strong>nunquam</strong></span> <span class='ocrx_word' id='word_1_130' title='bbox 1264 2304 1356 2385; x_wconf 85' lang='lat' dir='ltr'><strong>regis</strong></span> 
     </span>
     <span class='ocr_line' id='line_1_22' title="bbox 407 2399 1355 2484; baseline 0.002 -20"><span class='ocrx_word' id='word_1_131' title='bbox 407 2399 574 2483; x_wconf 78' lang='lat' dir='ltr'><strong>Stephani</strong></span> <span class='ocrx_word' id='word_1_132' title='bbox 587 2401 746 2465; x_wconf 87' lang='lat' dir='ltr'><strong>minister</strong></span> <span class='ocrx_word' id='word_1_133' title='bbox 758 2400 892 2478; x_wconf 86' lang='lat' dir='ltr'><strong>suisset,</strong></span> <span class='ocrx_word' id='word_1_134' title='bbox 911 2419 974 2465; x_wconf 92' lang='lat' dir='ltr'><strong>nec</strong></span> <span class='ocrx_word' id='word_1_135' title='bbox 988 2400 1098 2484; x_wconf 89' lang='lat' dir='ltr'><strong>ipsius</strong></span> <span class='ocrx_word' id='word_1_136' title='bbox 1114 2400 1281 2466; x_wconf 86' lang='lat' dir='ltr'><strong>solidatas</strong></span> <span class='ocrx_word' id='word_1_137' title='bbox 1297 2421 1355 2466; x_wconf 93' lang='lat' dir='ltr'><strong>ac·</strong></span> 
     </span>
     <span class='ocr_line' id='line_1_23' title="bbox 406 2499 1355 2584; baseline 0.004 -21"><span class='ocrx_word' id='word_1_138' title='bbox 406 2500 575 2582; x_wconf 88' lang='lat' dir='ltr'><strong>cepisset:</strong></span> <span class='ocrx_word' id='word_1_139' title='bbox 610 2501 715 2565; x_wconf 87' lang='lat' dir='ltr'><strong>minae</strong></span> <span class='ocrx_word' id='word_1_140' title='bbox 743 2500 932 2584; x_wconf 89' lang='lat' dir='ltr'><strong>quinetiam</strong></span> <span class='ocrx_word' id='word_1_141' title='bbox 957 2501 1002 2564; x_wconf 90' lang='lat' dir='ltr'><strong>ab</strong></span> <span class='ocrx_word' id='word_1_142' title='bbox 1029 2499 1185 2565; x_wconf 89' lang='lat' dir='ltr'><strong>animoso</strong></span> <span class='ocrx_word' id='word_1_143' title='bbox 1208 2501 1295 2580; x_wconf 90' lang='lat' dir='ltr'><strong>viro,</strong></span> <span class='ocrx_word' id='word_1_144' title='bbox 1318 2510 1355 2567; x_wconf 91' lang='lat' dir='ltr'><strong>et</strong></span> 
     </span>
     <span class='ocr_line' id='line_1_24' title="bbox 406 2599 1352 2685; baseline 0.003 -23"><span class='ocrx_word' id='word_1_145' title='bbox 406 2599 466 2681; x_wconf 90' lang='lat' dir='ltr'><strong>qui</strong></span> <span class='ocrx_word' id='word_1_146' title='bbox 483 2599 584 2663; x_wconf 88' lang='lat' dir='ltr'><strong>malis</strong></span> <span class='ocrx_word' id='word_1_147' title='bbox 598 2601 816 2665; x_wconf 87' lang='lat' dir='ltr'><strong>erubesceret</strong></span> <span class='ocrx_word' id='word_1_148' title='bbox 826 2599 952 2682; x_wconf 83' lang='lat' dir='ltr'><strong>frangi,</strong></span> <span class='ocrx_word' id='word_1_149' title='bbox 964 2599 1123 2683; x_wconf 85' lang='lat' dir='ltr'><strong>prolatae,</strong></span> <span class='ocrx_word' id='word_1_150' title='bbox 1138 2601 1168 2664; x_wconf 89' lang='lat' dir='ltr'><strong>si</strong></span> <span class='ocrx_word' id='word_1_151' title='bbox 1178 2600 1352 2685; x_wconf 87' lang='lat' dir='ltr'><strong>justitiam</strong></span> 
     </span>
     <span class='ocr_line' id='line_1_25' title="bbox 407 2697 1353 2766; baseline 0.005 -5"><span class='ocrx_word' id='word_1_152' title='bbox 407 2697 450 2762; x_wconf 90' lang='lat' dir='ltr'><strong>de</strong></span> <span class='ocrx_word' id='word_1_153' title='bbox 476 2698 579 2761; x_wconf 90' lang='lat' dir='ltr'><strong>rebus</strong></span> <span class='ocrx_word' id='word_1_154' title='bbox 604 2698 670 2762; x_wconf 90' lang='lat' dir='ltr'><strong>sibi</strong></span> <span class='ocrx_word' id='word_1_155' title='bbox 696 2700 823 2764; x_wconf 88' lang='lat' dir='ltr'><strong>ablatis</strong></span> <span class='ocrx_word' id='word_1_156' title='bbox 842 2700 880 2763; x_wconf 91' lang='lat' dir='ltr'><strong>in</strong></span> <span class='ocrx_word' id='word_1_157' title='bbox 905 2699 966 2763; x_wconf 92' lang='lat' dir='ltr'><strong>illo</strong></span> <span class='ocrx_word' id='word_1_158' title='bbox 989 2699 1134 2764; x_wconf 93' lang='lat' dir='ltr'><strong>concilio</strong></span> <span class='ocrx_word' id='word_1_159' title='bbox 1159 2719 1230 2765; x_wconf 91' lang='lat' dir='ltr'><strong>non</strong></span> <span class='ocrx_word' id='word_1_160' title='bbox 1255 2701 1353 2766; x_wconf 87' lang='lat' dir='ltr'><strong>inve-</strong></span> 
     </span>
     <span class='ocr_line' id='line_1_26' title="bbox 406 2797 1353 2884; baseline 0.004 -24"><span class='ocrx_word' id='word_1_161' title='bbox 406 2797 527 2875; x_wconf 89' lang='lat' dir='ltr'><strong>nisset,</strong></span> <span class='ocrx_word' id='word_1_162' title='bbox 544 2816 621 2861; x_wconf 90' lang='lat' dir='ltr'><strong>eam</strong></span> <span class='ocrx_word' id='word_1_163' title='bbox 644 2797 680 2861; x_wconf 91' lang='lat' dir='ltr'><strong>in</strong></span> <span class='ocrx_word' id='word_1_164' title='bbox 703 2799 879 2865; x_wconf 90' lang='lat' dir='ltr'><strong>audientia</strong></span> <span class='ocrx_word' id='word_1_165' title='bbox 900 2798 1043 2884; x_wconf 87' lang='lat' dir='ltr'><strong>majoris</strong></span> <span class='ocrx_word' id='word_1_166' title='bbox 1067 2800 1173 2864; x_wconf 83' lang='lat' dir='ltr'><strong>curiae</strong></span> <span class='ocrx_word' id='word_1_167' title='bbox 1195 2819 1353 2882; x_wconf 86' lang='lat' dir='ltr'><strong>quaeren-</strong></span> 
     </span>
     <span class='ocr_line' id='line_1_27' title="bbox 405 2897 1351 2983; baseline 0.004 -23"><span class='ocrx_word' id='word_1_168' title='bbox 405 2897 497 2961; x_wconf 89' lang='lat' dir='ltr'><strong>dam.</strong></span> <span class='ocrx_word' id='word_1_169' title='bbox 548 2897 692 2962; x_wconf 87' lang='lat' dir='ltr'><strong>Leniter</strong></span> <span class='ocrx_word' id='word_1_170' title='bbox 712 2899 861 2982; x_wconf 86' lang='lat' dir='ltr'><strong>legatus,</strong></span> <span class='ocrx_word' id='word_1_171' title='bbox 876 2907 916 2964; x_wconf 91' lang='lat' dir='ltr'><strong>ut</strong></span> <span class='ocrx_word' id='word_1_172' title='bbox 930 2907 1075 2964; x_wconf 83' lang='lat' dir='ltr'><strong>caetera:</strong></span> <span class='ocrx_word' id='word_1_173' title='bbox 1099 2899 1248 2964; x_wconf 87' lang='lat' dir='ltr'><strong>‘Omnia</strong></span> <span class='ocrx_word' id='word_1_174' title='bbox 1272 2921 1351 2983; x_wconf 86' lang='lat' dir='ltr'><strong>quae</strong></span> 
     </span>
     <span class='ocr_line' id='line_1_28' title="bbox 405 2996 1353 3082; baseline 0.004 -22"><span class='ocrx_word' id='word_1_175' title='bbox 405 2996 568 3063; x_wconf 88' lang='lat' dir='ltr'><strong>dicuntur</strong></span> <span class='ocrx_word' id='word_1_176' title='bbox 580 3005 703 3063; x_wconf 90' lang='lat' dir='ltr'><strong>contra</strong></span> <span class='ocrx_word' id='word_1_177' title='bbox 724 2998 905 3082; x_wconf 90' lang='lat' dir='ltr'><strong>episcopos</strong></span> <span class='ocrx_word' id='word_1_178' title='bbox 921 2999 1018 3082; x_wconf 89' lang='lat' dir='ltr'><strong>prius</strong></span> <span class='ocrx_word' id='word_1_179' title='bbox 1030 2999 1067 3062; x_wconf 92' lang='lat' dir='ltr'><strong>in</strong></span> <span class='ocrx_word' id='word_1_180' title='bbox 1084 2999 1230 3065; x_wconf 93' lang='lat' dir='ltr'><strong>concilio</strong></span> <span class='ocrx_word' id='word_1_181' title='bbox 1244 3001 1353 3064; x_wconf 92' lang='lat' dir='ltr'><strong>eccle-</strong></span> 
     </span>
    </p>
   </div>
   <div class='ocr_carea' id='block_1_4' title="bbox 384 3093 1354 3164">
    <p class='ocr_par' dir='ltr' id='par_1_5' title="bbox 384 3093 1354 3164">
     <span class='ocr_line' id='line_1_29' title="bbox 384 3093 1354 3164; baseline 0.004 -4"><span class='ocrx_word' id='word_1_182' title='bbox 384 3093 547 3163; x_wconf 80' lang='lat' dir='ltr'><strong>&#39;siastico</strong></span> <span class='ocrx_word' id='word_1_183' title='bbox 573 3105 608 3162; x_wconf 86' lang='lat' dir='ltr'><strong>et</strong></span> <span class='ocrx_word' id='word_1_184' title='bbox 631 3097 788 3164; x_wconf 90' lang='lat' dir='ltr'><strong>accusari</strong></span> <span class='ocrx_word' id='word_1_185' title='bbox 816 3106 916 3163; x_wconf 89' lang='lat' dir='ltr'><strong>etan</strong></span> <span class='ocrx_word' id='word_1_186' title='bbox 938 3118 1022 3164; x_wconf 86' lang='lat' dir='ltr'><strong>vera</strong></span> <span class='ocrx_word' id='word_1_187' title='bbox 1046 3106 1162 3163; x_wconf 89' lang='lat' dir='ltr'><strong>essent</strong></span> <span class='ocrx_word' id='word_1_188' title='bbox 1182 3099 1354 3164; x_wconf 90' lang='lat' dir='ltr'><strong>decuisset</strong></span> 
     </span>
    </p>
   </div>
   <div class='ocr_carea' id='block_1_5' title="bbox 403 3197 1354 4080">
    <p class='ocr_par' dir='ltr' id='par_1_6' title="bbox 403 3197 1354 4080">
     <span class='ocr_line' id='line_1_30' title="bbox 405 3197 1354 3281; baseline 0.004 -21"><span class='ocrx_word' id='word_1_189' title='bbox 405 3197 547 3281; x_wconf 88' lang='lat' dir='ltr'><strong>inquiri,</strong></span> <span class='ocrx_word' id='word_1_190' title='bbox 560 3217 665 3281; x_wconf 91' lang='lat' dir='ltr'><strong>quam</strong></span> <span class='ocrx_word' id='word_1_191' title='bbox 688 3199 725 3263; x_wconf 92' lang='lat' dir='ltr'><strong>in</strong></span> <span class='ocrx_word' id='word_1_192' title='bbox 748 3198 926 3264; x_wconf 88' lang='lat' dir='ltr'><strong>indemnes</strong></span> <span class='ocrx_word' id='word_1_193' title='bbox 953 3207 1076 3263; x_wconf 86' lang='lat' dir='ltr'><strong>contra</strong></span> <span class='ocrx_word' id='word_1_194' title='bbox 1097 3203 1267 3263; x_wconf 89' lang='lat' dir='ltr'><strong>canonum</strong></span> <span class='ocrx_word' id='word_1_195' title='bbox 1294 3199 1354 3264; x_wconf 89' lang='lat' dir='ltr'><strong>de-</strong></span> 
     </span>
     <span class='ocr_line' id='line_1_31' title="bbox 405 3297 1353 3382; baseline 0.003 -22"><span class='ocrx_word' id='word_1_196' title='bbox 405 3305 501 3362; x_wconf 88' lang='lat' dir='ltr'><strong>creta</strong></span> <span class='ocrx_word' id='word_1_197' title='bbox 524 3299 730 3362; x_wconf 86' lang='lat' dir='ltr'><strong>sententiam</strong></span> <span class='ocrx_word' id='word_1_198' title='bbox 760 3298 918 3382; x_wconf 87' lang='lat' dir='ltr'><strong>proferri.</strong></span> <span class='ocrx_word' id='word_1_199' title='bbox 981 3297 1062 3363; x_wconf 87' lang='lat' dir='ltr'><strong>Rex</strong></span> <span class='ocrx_word' id='word_1_200' title='bbox 1088 3297 1207 3380; x_wconf 85' lang='lat' dir='ltr'><strong>itaque</strong></span> <span class='ocrx_word' id='word_1_201' title='bbox 1234 3298 1353 3379; x_wconf 87' lang='lat' dir='ltr'><strong>saciat,</strong></span> 
     </span>
     <span class='ocr_line' id='line_1_32' title="bbox 404 3396 1354 3482; baseline 0.002 -21"><span class='ocrx_word' id='word_1_202' title='bbox 404 3397 499 3479; x_wconf 91' lang='lat' dir='ltr'><strong>quod</strong></span> <span class='ocrx_word' id='word_1_203' title='bbox 526 3397 630 3461; x_wconf 90' lang='lat' dir='ltr'><strong>etiam</strong></span> <span class='ocrx_word' id='word_1_204' title='bbox 654 3397 691 3461; x_wconf 92' lang='lat' dir='ltr'><strong>in</strong></span> <span class='ocrx_word' id='word_1_205' title='bbox 713 3398 904 3462; x_wconf 86' lang='lat' dir='ltr'><strong>forensibus</strong></span> <span class='ocrx_word' id='word_1_206' title='bbox 922 3396 1063 3482; x_wconf 89' lang='lat' dir='ltr'><strong>judiciis</strong></span> <span class='ocrx_word' id='word_1_207' title='bbox 1084 3397 1277 3480; x_wconf 85' lang='lat' dir='ltr'><strong>legitimum</strong></span> <span class='ocrx_word' id='word_1_208' title='bbox 1299 3407 1354 3463; x_wconf 88' lang='lat' dir='ltr'><strong>cst</strong></span> 
     </span>
     <span class='ocr_line' id='line_1_33' title="bbox 406 3496 1353 3581; baseline 0.003 -22"><span class='ocrx_word' id='word_1_209' title='bbox 406 3497 493 3574; x_wconf 89' lang='lat' dir='ltr'><strong>fieri,</strong></span> <span class='ocrx_word' id='word_1_210' title='bbox 508 3505 548 3560; x_wconf 93' lang='lat' dir='ltr'><strong>nt</strong></span> <span class='ocrx_word' id='word_1_211' title='bbox 570 3499 736 3562; x_wconf 85' lang='lat' dir='ltr'><strong>revestiat</strong></span> <span class='ocrx_word' id='word_1_212' title='bbox 755 3498 935 3581; x_wconf 89' lang='lat' dir='ltr'><strong>episcopos</strong></span> <span class='ocrx_word' id='word_1_213' title='bbox 956 3496 1000 3562; x_wconf 88' lang='lat' dir='ltr'><strong>de</strong></span> <span class='ocrx_word' id='word_1_214' title='bbox 1023 3499 1125 3562; x_wconf 86' lang='lat' dir='ltr'><strong>rebus</strong></span> <span class='ocrx_word' id='word_1_215' title='bbox 1153 3498 1244 3562; x_wconf 90' lang='lat' dir='ltr'><strong>suis:</strong></span> <span class='ocrx_word' id='word_1_216' title='bbox 1268 3498 1353 3562; x_wconf 78' lang='lat' dir='ltr'><strong>alio</strong></span> 
     </span>
     <span class='ocr_line' id='line_1_34' title="bbox 403 3594 1263 3680; baseline 0.005 -23"><span class='ocrx_word' id='word_1_217' title='bbox 403 3595 488 3677; x_wconf 90' lang='lat' dir='ltr'><strong>quin</strong></span> <span class='ocrx_word' id='word_1_218' title='bbox 497 3594 578 3678; x_wconf 74' lang='lat' dir='ltr'><strong>Jnre</strong></span> <span class='ocrx_word' id='word_1_219' title='bbox 592 3597 748 3677; x_wconf 90' lang='lat' dir='ltr'><strong>gentium</strong></span> <span class='ocrx_word' id='word_1_220' title='bbox 762 3597 928 3661; x_wconf 88' lang='lat' dir='ltr'><strong>dissaisiti</strong></span> <span class='ocrx_word' id='word_1_221' title='bbox 942 3615 1011 3661; x_wconf 94' lang='lat' dir='ltr'><strong>non</strong></span> <span class='ocrx_word' id='word_1_222' title='bbox 1023 3596 1263 3680; x_wconf 65' lang='lat' dir='ltr'><strong>placitabunt!</strong></span> 
     </span>
     <span class='ocr_line' id='line_1_35' title="bbox 455 3694 1351 3779; baseline 0.003 -21"><span class='ocrx_word' id='word_1_223' title='bbox 455 3694 543 3777; x_wconf 73' lang='lat'>§26.</span> <span class='ocrx_word' id='word_1_224' title='bbox 567 3695 681 3760; x_wconf 89' lang='lat' dir='ltr'><strong>Dictis</strong></span> <span class='ocrx_word' id='word_1_225' title='bbox 698 3697 839 3760; x_wconf 84' lang='lat' dir='ltr'><strong>inbono</strong></span> <span class='ocrx_word' id='word_1_226' title='bbox 855 3696 994 3761; x_wconf 89' lang='lat' dir='ltr'><strong>modum</strong></span> <span class='ocrx_word' id='word_1_227' title='bbox 1012 3695 1195 3779; x_wconf 88' lang='lat' dir='ltr'><strong>utrobique</strong></span> <span class='ocrx_word' id='word_1_228' title='bbox 1219 3697 1351 3776; x_wconf 72' lang='lat' dir='ltr'><strong>multiS,</strong></span> 
     </span>
     <span class='ocr_line' id='line_1_36' title="bbox 403 3795 1354 3880; baseline 0.002 -22"><span class='ocrx_word' id='word_1_229' title='bbox 403 3812 510 3859; x_wconf 89' lang='lat' dir='ltr'><strong>causa</strong></span> <span class='ocrx_word' id='word_1_230' title='bbox 531 3795 643 3878; x_wconf 89' lang='lat' dir='ltr'><strong>petitu</strong></span> <span class='ocrx_word' id='word_1_231' title='bbox 660 3797 752 3879; x_wconf 89' lang='lat' dir='ltr'><strong>regis</strong></span> <span class='ocrx_word' id='word_1_232' title='bbox 775 3796 811 3860; x_wconf 91' lang='lat' dir='ltr'><strong>in</strong></span> <span class='ocrx_word' id='word_1_233' title='bbox 834 3804 1010 3880; x_wconf 85' lang='lat' dir='ltr'><strong>posterum</strong></span> <span class='ocrx_word' id='word_1_234' title='bbox 1031 3796 1122 3860; x_wconf 92' lang='lat' dir='ltr'><strong>diem</strong></span> <span class='ocrx_word' id='word_1_235' title='bbox 1135 3796 1265 3876; x_wconf 83' lang='lat' dir='ltr'><strong>dilata3</strong></span> <span class='ocrx_word' id='word_1_236' title='bbox 1290 3817 1354 3861; x_wconf 90' lang='lat' dir='ltr'><strong>nec</strong></span> 
     </span>
     <span class='ocr_line' id='line_1_37' title="bbox 403 3895 1353 3979; baseline 0.006 -24"><span class='ocrx_word' id='word_1_237' title='bbox 403 3895 516 3958; x_wconf 87' lang='lat' dir='ltr'><strong>minus</strong></span> <span class='ocrx_word' id='word_1_238' title='bbox 536 3895 572 3960; x_wconf 93' lang='lat' dir='ltr'><strong>in</strong></span> <span class='ocrx_word' id='word_1_239' title='bbox 594 3897 795 3974; x_wconf 88' lang='lat' dir='ltr'><strong>crastinum,</strong></span> <span class='ocrx_word' id='word_1_240' title='bbox 818 3895 863 3961; x_wconf 87' lang='lat' dir='ltr'><strong>ad</strong></span> <span class='ocrx_word' id='word_1_241' title='bbox 889 3897 1077 3960; x_wconf 87' lang='lat' dir='ltr'><strong>adventum</strong></span> <span class='ocrx_word' id='word_1_242' title='bbox 1102 3895 1353 3979; x_wconf 88' lang='lat' dir='ltr'><strong>archicpiscopi</strong></span> 
     </span>
     <span class='ocr_line' id='line_1_38' title="bbox 404 3992 1353 4080; baseline 0.003 -23"><span class='ocrx_word' id='word_1_243' title='bbox 404 3992 696 4078; x_wconf 82' lang='lat' dir='ltr'><strong>Rothomagensis</strong></span> <span class='ocrx_word' id='word_1_244' title='bbox 712 3995 878 4079; x_wconf 89' lang='lat' dir='ltr'><strong>postridie</strong></span> <span class='ocrx_word' id='word_1_245' title='bbox 902 3996 1120 4080; x_wconf 86' lang='lat' dir='ltr'><strong>prolongata.</strong></span> <span class='ocrx_word' id='word_1_246' title='bbox 1167 3995 1205 4059; x_wconf 94' lang='lat' dir='ltr'><strong>Is</strong></span> <span class='ocrx_word' id='word_1_247' title='bbox 1220 3997 1279 4059; x_wconf 89' lang='lat' dir='ltr'><strong>ubi</strong></span> <span class='ocrx_word' id='word_1_248' title='bbox 1293 4015 1353 4060; x_wconf 88' lang='lat' dir='ltr'><strong>ve-</strong></span> 
     </span>
    </p>
   </div>
   <div class='ocr_carea' id='block_1_6' title="bbox 558 4229 1200 4304">
    <p class='ocr_par' dir='ltr' id='par_1_7' title="bbox 558 4229 1200 4304">
     <span class='ocr_line' id='line_1_39' title="bbox 558 4229 1200 4304; baseline 0.002 -20"><span class='ocrx_word' id='word_1_249' title='bbox 558 4232 566 4266; x_wconf 89' lang='lat'>¹</span> <span class='ocrx_word' id='word_1_250' title='bbox 578 4229 761 4304; x_wconf 70' lang='lat' dir='ltr'><strong>Aliquantum]</strong></span> <span class='ocrx_word' id='word_1_251' title='bbox 779 4237 827 4298; x_wconf 77' lang='lat'><strong>13.;</strong></span> <span class='ocrx_word' id='word_1_252' title='bbox 839 4235 1044 4299; x_wconf 77' lang='lat' dir='ltr'><strong>Aliquantulum,</strong></span> <span class='ocrx_word' id='word_1_253' title='bbox 1056 4234 1085 4288; x_wconf 77' lang='lat' dir='ltr'><strong>S.</strong></span> <span class='ocrx_word' id='word_1_254' title='bbox 1097 4236 1132 4286; x_wconf 87' lang='lat' dir='ltr'><strong>D.</strong></span> <span class='ocrx_word' id='word_1_255' title='bbox 1145 4236 1200 4285; x_wconf 72' lang='grc' dir='ltr'><strong>Η.</strong></span> 
     </span>
    </p>
   </div>
   <div class='ocr_carea' id='block_1_7' title="bbox 0 0 1580 4970">
    <p class='ocr_par' dir='ltr' id='par_1_8' title="bbox 0 0 1580 4970">
     <span class='ocr_line' id='line_1_40' title="bbox 0 0 1580 4970; baseline 0 0"><span class='ocrx_word' id='word_1_256' title='bbox 0 0 1580 4970; x_wconf 95' lang='lat' dir='ltr'><strong> </strong></span> 
     </span>
    </p>
   </div>
  </div>
 </body>
</html>
