3152 4970
388 459 454 526 720
676 477 849 528 srsronm
872 479 1048 529 novusne.
1197 459 1284 547 [um.
1302 481 1340 528 11.
1363 507 1368 520 .

228 649 362 740 &gebun-tter
389 637 450 700 siae
472 637 748 720 possessionibus
770 637 842 700 suis
866 636 1109 720 spoliarentur.
1152 634 1225 700 Sibi
1247 637 1340 717 regis

363 728 368 741 '
389 741 512 801 contra
526 737 594 801 Dei
609 736 721 818 legem
742 755 922 800 excessum
944 742 1044 800 tanto
1060 734 1171 800 dolori
1190 755 1278 813 esse,
1300 742 1341 799 ut

390 836 510 901 mallet
536 855 574 900 se
600 837 711 901 inulto
734 835 914 920 dispendio
932 841 968 899 et
992 835 1147 918 corporis
1171 841 1207 898 et
1225 855 1339 898 rerum

390 953 531 999 suarum
564 933 666 1013 affici,
702 955 807 1020 quam
837 934 1069 1018 episcopalem
1099 934 1337 999 celsitudinem

390 1041 491 1099 tanta
516 1035 725 1117 indignitate
746 1033 857 1119 dejici.
911 1031 1006 1111 Quin
1028 1033 1133 1098 etiam
1157 1053 1273 1115 regem
1297 1034 1340 1098 de

391 1133 630 1198 emendatione
663 1133 797 1217 peccati
828 1132 1028 1197 multotiens
1054 1127 1338 1214 ¹commo'nitum3

391 1227 593 1316 ²postremo
628 1233 765 1297 concilii
802 1232 1020 1297 vocationem
1057 1251 1127 1296 non
1164 1233 1338 1298 abnuisse.
1420 1291 1425 1295 .

393 1332 543 1397 Proinde
565 1332 843 1416 archiepiscopus
865 1338 901 1395 et
919 1331 1040 1396 caeteri
1061 1331 1282 1396 consulerent
1303 1334 1340 1396 in

392 1432 540 1496 medium
555 1429 638 1514 quid
652 1451 741 1516 opus
757 1429 970 1496 esset‘facto:
987 1451 1024 1495 se
1037 1431 1082 1494 ad
1099 1431 1338 1496 executionem

392 1530 526 1594 consilii
553 1551 617 1595 nec
636 1549 699 1614 pro
723 1531 828 1613 regis,
850 1530 910 1612 qui
929 1531 996 1594 sibi
1021 1529 1129 1594 frater
1149 1538 1237 1610 erat,
1252 1533 1338 1596 ami-

391 1630 485 1708 citia,
498 1649 561 1694 nec
575 1649 639 1713 pro
652 1630 778 1695 damno
790 1629 1059 1713 possessionum,
1075 1649 1138 1694 nec
1155 1631 1260 1696 etiam
1275 1651 1338 1714 pro

391 1726 516 1812 capitis
527 1721 692 1812 periculo,
709 1727 929 1796 debiturum!

443 1828 461 1912 ᾗ
477 1829 532 1894 23.
550 1829 645 1893 Dum
661 1829 737 1893 baec
751 1829 809 1894 ille
823 1829 951 1894 sensim
966 1849 1028 1912 per
1038 1827 1338 1912 amplificationem

392 1929 549 2012 exponit,
565 1948 640 2006 rex,
655 1947 770 1993 causae
796 1948 868 1992 suae
892 1949 961 1992 non
976 1927 1120 2006 diffisus,
1138 1921 1282 1994 comites
1302 1933 1339 1995 in

392 2028 575 2092 concilium
588 2026 693 2107 misit,
704 2047 863 2111 quaerens
875 2047 937 2092 cur
951 2036 1097 2093 vocatus
1115 2036 1218 2094 esset.
1270 2030 1337 2095 Re·

391 2127 557 2210 sponsum
580 2135 635 2192 est
657 2147 680 2192 a
704 2128 821 2210 legato
845 2147 890 2192 ex
905 2128 1128 2211 compendio:
1154 2127 1258 2193 ‘Non
1282 2129 1338 2194 de·

391 2227 472 2291 bere
495 2227 605 2304 illum,
621 2228 682 2309 qui
703 2246 741 2292 se
757 2227 886 2292 Christi
903 2226 983 2290 fidei
1006 2226 1200 2311 subjectum
1222 2230 1339 2294 memi-

392 2327 512 2405 nisset,
533 2327 706 2408 indignari
730 2327 761 2390 si
785 2347 807 2391 a
828 2326 993 2390 ministris
1012 2325 1142 2392 Christi
1169 2327 1213 2392 ad
1235 2329 1336 2392 satis·

387 2424 577 2500 ‘factionem
602 2434 758 2491 vocatus.
774 2435 878 2503 esset,
911 2428 1001 2491 tanti
1031 2434 1150 2491 reatus
1180 2429 1338 2492 conscius

392 2533 561 2607 quantum
580 2534 700 2590 nostra
713 2527 830 2591 secula
846 2544 1015 2608 nusquam
1031 2526 1209 2591 vidissent.
1245 2526 1338 2591 Gen·

392 2621 504 2687 tilium
523 2625 651 2708 quippe
665 2626 857 2697 seculorum
874 2644 963 2709 opus
979 2632 1071 2690 esset
1087 2627 1267 2709 episcopos
1286 2627 1337 2690 in·

392 2743 581 2799 carcerare,
603 2732 639 2789 et
654 2725 930 2806 possessionibus
954 2725 1026 2789 suis
1045 2743 1183 2789 exuere.
1235 2726 1338 2790 Dice-

392 2830 470 2887 rent
498 2841 581 2904 ergo
596 2822 714 2900 -sratri,
737 2824 828 2906 quod
852 2825 881 2887 si
906 2824 1050 2889 consilio
1077 2844 1141 2890 suo
1165 2823 1339 2908 placidum

393 2922 611 2986 commodare
638 2922 841 3005 dignaretur
868 2943 1059 3001 assensum,
1089 2925 1160 2989 tale
1186 2924 1237 2988 illi
1262 2926 1338 2990 Deo

393 3028 534 3086 auctore
549 3021 744 3106 largiretur,
767 3024 822 3087 cui
845 3043 909 3087 nec
927 3023 1072 3088 ecclesia
1090 3015 1264 3102 Romana,
1277 3045 1339 3089 nec

392 3122 489 3186 curia
511 3121 604 3204 regis
621 3123 790 3200 Franciae,
814 3142 877 3187 nec
898 3123 973 3206 ipse
997 3142 1112 3188 comes
1126 3123 1340 3189 Tbetbaldus

391 3220 501 3288 frater
524 3224 701 3286 amborum
725 3222 880 3309 (sapiens
903 3221 1058 3305 profecto
1072 3224 1125 3288 vir
1149 3230 1184 3288 et
1205 3224 1339 3306 religio·

392 3319 471 3406 sus)
486 3341 530 3385 ex
548 3321 682 3385 ratione
707 3321 878 3386 eontraire
900 3329 1030 3404 posset,
1044 3323 1105 3386 sed
1128 3319 1219 3405 quod
1246 3323 1342 3389 lavo-

393 3420 547 3485 rabiliter
573 3421 756 3504 complecti
777 3421 953 3486 deberent.
1006 3418 1173 3486 Consulto
1198 3441 1281 3488 vero
1306 3425 1342 3488 in

392 3519 655 3603 praesentiarum
677 3541 740 3585 rex
763 3519 904 3598 fuceret,
930 3521 959 3584 si
986 3521 1043 3586 vel
1064 3523 1234 3586 rationem
1256 3522 1341 3588 facti

393 3619 448 3682 sui
474 3617 644 3696 redderet,
678 3621 734 3686 vel
766 3621 980 3684 canonicum*
996 3619 1168 3704 judicium
1197 3623 1340 3687 subiret.

393 3717 448 3782 Ex
467 3717 583 3782 debito
600 3718 705 3783 etiam
717 3727 878 3803 oportere
898 3727 938 3784 ut
953 3717 1267 3800 ecclesiae'faveret,
1283 3735 1343 3786 cu·-

388 3815 448 3900 jus
464 3819 543 3882 sinu
558 3826 738 3902 exceptus,
758 3839 827 3884 non
843 3838 947 3883 manu
969 3820 1130 3898 militum,
1147 3821 1183 3884 in
1198 3835 1343 3903 regnum

392 3924 571 4000 promotus
597 3916 744 3983 fuisset!
795 3913 903 3982 ³(lum
918 3919 1012 3983 dicto
1030 3919 1174 3985 comites
1201 3923 1343 4002 egressi,

427 4122 434 4152 ¹
449 4125 645 4189 Communium]
668 4127 701 4175 Ε.
713 4126 788 4187 Μ.;
811 4126 855 4176 ad·

391 4196 522 4256 monitum,
532 4195 561 4245 S.
574 4195 610 4244 D.
915 4195 1022 4263 ³Cum.]
1047 4201 1100 4262 E.;
1118 4201 1160 4250 Sic
1180 4217 1248 4264 cum,
1268 4203 1297 4254 S.
1310 4204 1345 4255 D.

390 4261 855 4382 S²goztr2om.]E.;posbemotunc,
880 4268 934 4318 112·
