3148 4982
241 488 400 567 mann]
474 502 589 551 casus
612 503 738 552 nnouu
763 503 975 551 ancnonuu.
1128 487 1194 550 473

401 659 577 722 Alexander
597 657 747 721 Willelmo
763 658 831 745 regi
845 659 1031 745 Anglornm.

295 783 407 867 §292
435 781 607 846 ‘Causam
629 779 764 858 Alricii,
783 783 844 863 qui
867 782 949 845 olim
966 781 1192 846 Cicestrensis
1247 805 1251 818 ⁴

243 883 397 947 ecclesiae
421 881 534 945 dictus
560 887 614 943 est
634 881 828 963 episcopuS,
852 881 1035 962 diligenter
1063 889 1192 945 retrac-

243 981 396 1056 tandam,
425 987 461 1043 et
487 978 727 1055 definiendam,
756 979 855 1042 fratri
885 986 1004 1043 nostro
1029 982 1193 1064 episcopo

244 1079 440 1144 Lanlranco
458 1078 703 1142 commisimus,
756 1077 846 1141 Item
862 1079 928 1141 sibi
944 1080 1132 1160 negotium,
1150 1081 1193 1144 de

242 1178 468 1244 discernenda
488 1177 550 1240 lite
572 1196 651 1258 quae
673 1178 765 1240 inter
791 1176 1085 1259 archiepiscopum
1100 1179 1192 1243 Ebo-

242 1296 419 1341 racensem
436 1284 471 1339 et
484 1277 683 1357 episcopum
700 1275 1024 1340 Dorcacestrensem
1038 1276 1080 1339 de
1097 1271 1105 1307 ¹
1114 1296 1191 1360 per·

242 1378 370 1443 tinacia
392 1374 551 1439 dioecesis
574 1393 692 1438 eorum
717 1382 782 1451 est,
809 1374 952 1438 firmiter
977 1375 1190 1459 injungendo

242 1475 568 1550 commendavimus
592 1480 631 1537 ut
652 1473 741 1537 hanc
764 1493 905 1537 causam
928 1474 1193 1556 diligentissima

243 1576 489 1658 perquisitione
510 1579 711 1655 pertractet,
727 1579 762 1637 et
774 1573 873 1656 justo
891 1573 958 1636 fine
975 1574 1190 1638 determinet.

246 1674 289 1738 In
314 1675 428 1738 causis
451 1679 566 1736 autem
590 1671 843 1755 pertractandis
867 1679 903 1734 et
919 1672 1120 1736 deliniendis
1142 1675 1193 1736 ita

244 1775 310 1839 sibi
324 1780 452 1837 nostrae
467 1779 503 1835 et
516 1771 717 1852 apostolicae
740 1771 957 1834 auctoritatis
973 1773 1083 1835 vicem
1098 1772 1193 1835 dedi-

245 1891 334 1949 mus,
352 1879 392 1936 ut
406 1869 570 1954 quicquid
588 1872 625 1934 in
646 1871 695 1933 eis
706 1871 846 1954 justitia
868 1870 1021 1933 dictante
1035 1870 1195 1934 determi-

243 1973 393 2048 naverit,
425 1970 525 2052 quasi
556 1970 593 2032 in
627 1977 747 2032 nostra
784 1970 971 2051 praesentia
1003 1968 1194 2046 definitum,

246 2072 406 2154 deinceps
423 2069 558 2132 firmum
574 2076 609 2132 et
622 2068 860 2132 indissolubile
873 2062 1073 2132 ²teneatur.’

283 2315 476 2388 ¹Pertinscin.]
506 2322 536 2371 C.
559 2321 607 2380 E.;
631 2322 708 2382 perti·
760 2321 890 2380 ‘Irnu3si
898 2320 1056 2380 Francigena
1064 2319 1197 2379 compellet

246 2391 340 2450 nentia,
352 2391 382 2440 S.
394 2391 428 2440 D.
440 2391 489 2450 L.;
505 2391 652 2452 obtinentia,
663 2390 696 2440 Α.
733 2390 870 2452 Anglicum
887 2405 933 2451 per
943 2389 1037 2438 bellum
1053 2389 1085 2437 de
1100 2388 1195 2438 eisdem

285 2457 448 2523 'sarasan
460 2461 490 2508 S.
505 2461 535 2510 C.
547 2461 582 2509 D.
595 2462 628 2509 Ε.
641 2461 708 2518 L2.;
732 2461 817 2521 rebus,
839 2460 965 2522 Anglicus
992 2460 1068 2520 plena
1093 2458 1196 2507 licentia

249 2529 275 2577 in
286 2529 327 2578 tbe
334 2531 432 2591 margin
443 2529 471 2578 ol
476 2531 528 2579 Ll.
540 2531 670 2592 ‘Explicit
676 2531 708 2578 de
732 2530 852 2579 defendat
869 2545 896 2580 se
914 2543 961 2590 per
977 2529 1082 2590 bellum,
1092 2529 1134 2576 vel
1150 2543 1197 2589 per

248 2599 491 2662 WillelmoMagno.
528 2599 629 2649 Desunt
638 2601 709 2662 leges
728 2599 865 2661 judicium,
888 2600 910 2647 si
932 2600 1014 2660 magis
1040 2600 1065 2646 ei
1087 2598 1196 2659 placeat.
1288 2608 1291 2613 ·

249 2669 373 2730 ejusdem,
391 2670 545 2718 continentes
561 2669 614 2718 fere
630 2685 709 2718 unum
735 2669 769 2717 nt
785 2670 807 2717 si
822 2683 940 2730 unupum
956 2669 998 2730 sit,
1008 2669 1036 2716 id
1049 2671 1097 2729 est,
1108 2668 1199 2717 invali-

248 2736 336 2786 folium
346 2739 362 2797 3’
386 2736 419 2788 l.
438 2740 552 2788 contains
573 2739 614 2787 the
633 2739 710 2789 Laws
734 2739 793 2799 dus,
803 2744 829 2786 et
840 2739 902 2787 nolit
912 2739 1017 2800 bellum,
1026 2738 1067 2786 vel
1078 2753 1127 2785 non
1138 2751 1197 2798 pos-

248 2807 277 2855 οἵ
285 2807 327 2855 the
339 2807 493 2870 Conqueror,
504 2823 533 2857 as
544 2809 638 2860 follow.
735 2811 777 2869 sit,
788 2813 886 2869 quaerat
897 2809 945 2857 sibi
963 2809 1069 2869 legalem
1081 2805 1198 2856 defenso·

247 2891 256 2920 ‘
265 2905 382 2942 nxrnrcrr
401 2907 433 2942 na
450 2907 585 2942 urntnnuo
613 2907 711 2956 naono,
734 2893 795 2927 ‘⁸¹¹¹-
812 2878 839 2927 Si
850 2878 1007 2939 Ff³1¹⁰580¹1¹2
1017 2876 1196 2936 Victussuerits

286 2975 444 3011 nonuaunrn
471 2976 567 3012 courra
591 2977 622 3012 rr
646 2977 711 3012 naon
735 2947 861 3008 P⁰¹⁸⁰¹V²t
870 2948 926 3008 1085
942 2948 1075 3008 Sexaginta
1093 2946 1197 2994 wlidffl·

286 3045 434 3083 epulonum,
736 3018 802 3064 Etsi
813 3016 938 3076 Anglicus
948 3017 1012 3064 nolit
1023 3031 1050 3065 se
1061 3014 1196 3064 defendere

290 3135 438 3182 ‘rnorrrunr
455 3147 532 3182 nuens
549 3147 669 3182 musana.
735 3084 1197 3214 ffizggllffpzsslffgrjffgjtffifum'

285 3219 713 3279 ‘WillelmusrexAnglorum,om·
775 3221 838 3268 ‘Da
859 3223 975 3270 omnibus
994 3221 1103 3282 uthlagii
1122 3221 1198 3269 rebus

250 3290 326 3337 nibus
338 3289 372 3336 ad
383 3301 447 3348 quos
466 3288 588 3346 scriptum
599 3285 647 3333 boc
658 3299 712 3346 per·
738 3303 782 3336 rex
798 3289 907 3337 instituit
924 3295 954 3337 ut
964 3290 1090 3350 Anglicus
1107 3293 1199 3351 purget

250 3358 337 3407 reniet
357 3371 403 3417 per
424 3360 502 3403 totam
521 3354 652 3416 Angliam,
674 3369 714 3403 sa·
739 3371 765 3405 se
778 3357 954 3418 adjudicium.
990 3359 1025 3406 Et
1041 3359 1063 3407 si
1074 3359 1200 3419 Anglicus

250 3428 331 3475 lutem
351 3429 376 3472 et
393 3425 539 3473 amicitiam.
576 3424 673 3472 Mando
689 3429 714 3472 et
738 3427 850 3488 appellet
865 3428 1046 3490 Francigenam
1066 3428 1098 3476 de
1116 3427 1198 3476 utbln·

252 3495 376 3559 precipio
392 3509 439 3554 per
454 3498 532 3542 totam
550 3493 652 3555 Angliae
670 3508 713 3542 na·
739 3497 818 3559 garis,
834 3502 860 3546 et
878 3497 925 3546 hoc
941 3511 1089 3558 supereum
1108 3497 1201 3546 inveri-

250 3567 345 3614 tionem
367 3564 508 3612 custodiri:
539 3563 567 3612 si
588 3565 714 3626 Anglicus
738 3571 792 3614 tare
813 3567 884 3627 velit,
905 3567 1024 3616 defendat
1048 3582 1075 3616 se
1098 3568 1201 3616 Franci-

252 3635 325 3682 homo
343 3632 598 3695 compelletaliquem
610 3635 713 3683 Franci·
739 3637 974 3698 genaperbellum.
998 3636 1064 3684 Etsi
1075 3636 1200 3697 Anglicus

253 3719 342 3766 genam
362 3719 407 3764 per
425 3703 519 3752 bellurn
536 3703 568 3752 de
587 3703 663 3766 furto,
673 3703 714 3751 vel
738 3720 788 3754 non
799 3706 893 3755 audeat
903 3722 961 3755 eum
972 3707 1078 3767 probare
1093 3720 1138 3766 per
1149 3706 1202 3754 bel-

253 3774 398 3835 homicidio,
409 3773 449 3822 vel
461 3774 549 3834 aliqua
563 3787 590 3822 re
606 3788 652 3834 pro
664 3787 715 3832 qua
738 3777 801 3836 lum,
812 3775 932 3824 defendat
940 3791 967 3824 se
979 3777 1137 3836 Francigena
1147 3777 1202 3836 pla·

252 3845 346 3892 bellum
361 3843 415 3891 fieri
425 3843 526 3903 debeat,
536 3842 577 3890 rel
586 3843 715 3903 judicium
740 3860 772 3893 no
789 3847 943 3908 juramento,
960 3860 1008 3893 non
1026 3846 1052 3892 in
1069 3845 1201 3893 verborum

254 3914 320 3961 inter
334 3914 400 3961 duos
415 3912 538 3973 homines,
552 3912 645 3962 habeat
662 3912 714 3972 ple·
740 3916 916 3964 observantiis.

254 3997 312 4031 narn
323 3981 450 4030 licentiam
456 3981 504 4030 hoc
514 3981 632 4031 faciendi.
652 3982 716 4030 Etsi
775 3985 869 4034 ‘Iram
887 3985 982 4045 Regem
994 3982 1106 4045 Angliae,
1116 3982 1203 4043 singu·

254 4051 717 4113 Anglicusbellumnolit,Francigena
741 4052 788 4102 lari
799 4056 940 4115 majestate,
945 4053 1016 4114 regni
1027 4051 1203 4100 suidominum

255 4121 420 4182 compellatus
446 4121 550 4181 adlegiet
572 4134 599 4168 se
617 4121 717 4181 jureju·
741 4137 797 4172 esse
815 4123 947 4172 manifeste
965 4121 1079 4170 veritatis
1096 4121 1204 4171 intuitus

255 4191 333 4238 raudo
345 4194 498 4238 contraeunt
511 4204 556 4250 per
567 4193 644 4238 testes
656 4204 716 4239 suos
740 4198 766 4241 et
785 4193 941 4254 singulorum
959 4192 1068 4252 denique
1088 4206 1182 4253 cognov
1187 4193 1206 4240 it

254 4259 485 4322 secundumlegem
498 4260 669 4310 Normanniae.
741 4262 854 4312 effectus.
891 4262 967 4315 Quod
983 4277 1039 4311 curn
1057 4261 1144 4311 inclita
1161 4262 1203 4310 ba-
