3152 4970
391 479 457 544 654
606 493 720 543 casm
741 493 871 542 nneun
894 493 1111 544 rumonus.
1205 481 1292 563 [nin.
1308 497 1344 544 v.

392 651 477 716 rinae
494 651 663 734 applicari
671 652 791 736 jussit,
806 658 846 715 ut
857 671 1011 716 sororem
1025 651 1202 735 exciperet
1215 671 1224 732 3
1247 672 1341 716 mor-

393 759 463 816 tem
488 751 642 815 misellus
662 771 728 834 pro
753 752 944 816 clementiae
966 751 1198 816 teneritudine
1220 752 1342 834 indep-

393 858 469 914 tus:
493 851 658 914 continuo
680 851 772 914 enim
787 851 1006 916 multitudine
1021 851 1247 915 insilientium
1261 869 1339 916 sca·

393 949 463 1031 pha
485 950 580 1014 uicta
605 950 773 1028 subsedit,
794 969 981 1032 omnesque
1002 951 1133 1033 pariter
1156 949 1263 1014 fundo
1286 949 1340 1012 in-

393 1048 516 1114 volvit.
566 1048 693 1114 Evasit
715 1067 808 1112 uuus
829 1056 865 1113 et
888 1048 948 1112 illa
976 1049 1138 1130 agrestis
1166 1050 1239 1132 qui,
1264 1055 1340 1114 tcta

382 1154 495 1211 noete
517 1147 610 1211 malo
637 1155 881 1229 supernatans,
900 1167 1001 1212 mane
1024 1149 1134 1212 tetius
1156 1147 1340 1229 tregoediae

394 1253 510 1311 actum
526 1247 708 1327 expressit.
761 1246 869 1310 Nulla
884 1265 1037 1329 unquam
1054 1246 1126 1311 vfuit
1146 1247 1247 1312 navis
1263 1245 1339 1312 An-

394 1346 475 1426 gliae
499 1352 607 1409 tantae
630 1345 790 1423 miseriae,
805 1345 902 1409 nulla
923 1347 991 1410 toti
1011 1346 1087 1409 orbi
1109 1352 1181 1420 tam
1208 1346 1339 1428 patulae
1432 1409 1436 1415 .

394 1444 507 1508 famae.
559 1443 669 1507 Periit
684 1445 821 1508 ibicum
837 1444 1015 1510 Willelmc
1030 1445 1119 1510 alter
1134 1445 1226 1508 filius
1245 1445 1339 1526 regis

395 1542 579 1618 Ricardus,
594 1561 697 1624 quem
721 1551 803 1608 ante
825 1563 969 1626 regnum
991 1563 1036 1606 ex
1053 1544 1257 1626 provinciali
1275 1546 1340 1608 foe-

393 1641 488 1704 mina
516 1649 727 1724 susceperat,
744 1641 885 1726 juvenis
915 1645 1156 1724 magnanimus
1185 1652 1221 1708 et
1247 1644 1340 1726 patri

393 1759 457 1823 pro
472 1741 638 1822 obsequio
654 1748 840 1824 acceptus;
858 1742 1031 1806 Ricardus
1047 1761 1163 1807 comes
1181 1743 1339 1820 Cestriec,

394 1845 429 1902 ct
442 1839 551 1902 frater
571 1839 648 1922 ejus
665 1839 826 1917 Otuelus,
851 1843 1021 1906 nutricius
1043 1849 1079 1905 ct
1094 1841 1261 1924 magister
1275 1841 1339 1905 filii

394 1939 508 2019 regis3
532 1937 605 2001 filia
629 1939 734 2020 regis,
761 1941 939 2004 comitissa
964 1940 1135 2020 Perticae3
1164 1948 1199 2005 et
1224 1941 1339 2025 neptis

394 2037 482 2120 ejus,
508 2056 608 2102 soror
635 2037 833 2116 Thetbaldi,
856 2040 1034 2103 comitissa
1060 2038 1224 2103 Cestriee:
1249 2059 1338 2122 prae-

394 2142 490 2200 terea
505 2137 663 2219 quisquis
680 2146 755 2201 erat
770 2137 806 2200 in
822 2139 921 2201 curia
934 2138 1143 2202 lectissimus
1165 2139 1264 2202 miles
1281 2139 1339 2204 vel

393 2236 606 2317 capellanus,
623 2243 658 2300 et
674 2237 877 2318 optimatum
894 2237 957 2300 filii
973 2237 1018 2301 ad
1035 2237 1193 2302 militiam
1215 2257 1339 2320 proven

393 2333 518 2414 hendi;
543 2328 779 2400 ¹accurrerant
796 2337 887 2399 enim
909 2336 1061 2417 undique
1073 2335 1132 2421 (ut
1147 2334 1252 2421 dixi),
1267 2355 1337 2400 non

393 2432 470 2498 leve
496 2435 617 2514 gloriae
637 2453 710 2498 suae
735 2436 949 2499 numeraturi
973 2435 1189 2499 commodum
1210 2437 1243 2499 si
1266 2435 1338 2499 lilio

394 2533 487 2613 regis
503 2532 560 2596 vel
573 2532 745 2597 deferrent
762 2533 932 2599 ludicrum
949 2534 1007 2599 vel
1023 2534 1217 2599 conferrent
1238 2537 1338 2600 obse·

393 2631 522 2711 quium.
576 2630 888 2715 Accumulavitque
905 2633 1338 2698 calamitatemdillicultas

393 2728 676 2794 inveniendorum
710 2731 930 2810 cadaverum,
964 2733 1047 2813 quia
1079 2732 1243 2814 dispersis
1275 2752 1338 2816 per

393 2827 512 2891 littora
529 2829 771 2910 quaesitoribus
794 2830 926 2893 nullum
943 2831 1045 2895 facile
1065 2838 1240 2913 repertum
1263 2839 1338 2911 est3

394 2926 455 2990 sed
480 2927 594 2990 ierunt
615 2935 688 2992 tam
712 2928 863 2992 delicata
888 2949 1035 3012 corpora
1063 2931 1233 3013 aequoreis
1261 2949 1339 2994 cru-

393 3025 486 3089 delia
517 3026 646 3108 pabula
676 3027 852 3092 monstris.
904 3027 1091 3093 Juvcnculi
1117 3048 1201 3110 ergo
1228 3036 1338 3093 morte

393 3126 547 3206 cognita,
563 3145 618 3188 res
639 3125 764 3189 mirum
784 3127 821 3190 in
842 3128 981 3192 modum
998 3135 1154 3192 mutatae.
1206 3128 1338 3192 Parcus

394 3226 486 3288 enim
500 3224 680 3288 coelibatui
697 3225 927 3303 renunciavit,
936 3228 993 3289 cui
1008 3234 1245 3309 postmortem
1258 3227 1338 3290 Ma·

394 3324 489 3387 tildis
503 3323 696 3400 studuerat,
707 3326 842 3388 futuros
858 3324 1012 3389 haeredes
1026 3345 1071 3390 ex
1083 3345 1175 3390 nova
1189 3327 1338 3410 conjuge

389 3421 606 3505 jamjamque
621 3424 790 3506 operiens,
843 3424 960 3500 Socer,
974 3444 1020 3488 ex
1036 3425 1261 3509 lerosolymis
1279 3426 1340 3489 do·

394 3540 487 3583 mum
513 3540 684 3598 reversus
715 3523 871 3604 partibus
898 3523 1068 3588 Willelmi
1098 3524 1161 3587 lilii
1192 3525 1339 3589 Robcrti

233 3632 354 3671 ΑΒΜ·
395 3618 431 3682 N
433 3619 590 3682 ermanni
614 3621 750 3684 comitis
777 3622 954 3704 improbus
979 3623 1103 3700 astitit,
1127 3617 1286 3686 ²tradens
1308 3626 1340 3688 ei

393 3718 537 3781 alteram
559 3718 666 3782 filiam
688 3727 847 3802 nuptum,
866 3729 903 3785 et
921 3721 1211 3786 Cenomanuicum
1233 3724 1339 3786 comi·

427 3976 665 4042 ¹Accurrerunt.]A.
675 3979 703 4028 S.
715 3982 744 4030 C.
754 3981 854 4032 Dua.
880 3997 925 4032 son
944 3983 1029 4032 citha
1046 3984 1117 4034 duke
1135 3985 1165 4034 cf
1184 3987 1342 4052 Normandy,

392 4051 460 4110 1123
477 4053 649 4112 accurrerunt,
662 4050 717 4100 El.
879 4053 942 4100 with
958 4054 1057 4116 sibilla,
1075 4056 1101 4102 in
1122 4060 1195 4117 1123,
1210 4071 1265 4106 was
1287 4058 1341 4107 dis-

880 4123 976 4184 solved,
993 4128 1020 4172 at
1034 4123 1077 4172 the
1096 4125 1208 4176 instance
1224 4126 1254 4176 of
1269 4129 1341 4190 King

426 4185 436 4217 ²
446 4189 553 4238 Tradere
563 4188 586 4236 ei
596 4189 697 4236 alteram
702 4187 785 4253 fitium
795 4203 854 4252 nup·
881 4191 979 4253 Henry,
989 4193 1015 4241 in
1026 4193 1069 4242 the
1088 4193 1217 4260 following
1230 4211 1291 4258 year
1307 4199 1341 4258 by

392 4259 465 4321 toa]
482 4259 535 4307 Tire
555 4259 679 4320 marriage
696 4258 724 4306 cs
734 4259 854 4323 William,
879 4261 921 4309 the
933 4263 1020 4323 pope's
1030 4264 1122 4325 legate.
