3148 4982
12 389 14 492 l

11 557 17 770 l

209 507 367 586 aranu]
439 521 554 570 suern
578 520 704 569 aucun
730 521 945 570 Anononuu.
1097 507 1163 571 463

208 679 388 762 partiendo
404 679 576 755 dominus,
591 698 661 742 non
676 678 918 741 abscondendo
938 686 973 742 et
987 679 1163 745 adorando
1176 701 1272 740 emunt
1281 700 1305 738 of

211 779 381 858 famulns3
414 777 587 842 foemineae
619 778 812 842 venustatis
840 778 926 843 adeo
954 798 1092 860 parcus,
1124 787 1163 844 ut
1176 751 1290 800 mm

212 878 342 942 nullam
364 878 564 960 conspectui
586 896 649 940 suo
671 885 849 960 pateretur
868 878 1016 956 admitti,
1032 899 1076 942 ne
1093 878 1163 942 sor-

212 998 304 1041 mam
319 977 496 1043 videretur
508 976 677 1040 delibasse
699 977 799 1040 oculo
813 996 918 1060 quam
939 998 1009 1041 non
1032 979 1165 1062 prurie-

211 1079 272 1142 bat
295 1078 423 1142 animo.
476 1076 559 1141 Non
578 1077 756 1159 aspernari
778 1095 977 1160 pauperem,
990 1097 1060 1141 non
1079 1079 1164 1142 adu-

213 1178 278 1240 lari
300 1177 462 1256 divitem3
489 1177 675 1240 secundum
695 1185 856 1241 naturam
870 1177 1009 1257 vivere3
1034 1178 1165 1243 habens

215 1278 344 1343 victum
369 1284 405 1340 et
424 1277 603 1354 vestitum,
626 1275 733 1360 juxta
762 1277 971 1357 apostolum,
1000 1277 1054 1340 his
1083 1297 1164 1341 con-

215 1384 331 1440 tentus
360 1395 447 1440 esse.
500 1375 604 1440 Unde
632 1395 711 1440 eum
743 1375 863 1440 laudat
894 1376 1165 1441 Cenomanensis

215 1475 371 1560 pontifex
395 1475 633 1553 Hildebertus,
655 1477 692 1540 in
714 1475 833 1558 primis
854 1476 1070 1540 versificator
1091 1479 1165 1541 exi·

215 1575 304 1639 mius
316 1573 334 1657 3⁴
350 1575 449 1659 cujus
462 1576 570 1640 verba
585 1582 769 1658 propterea
787 1576 929 1654 inserui,
945 1583 985 1641 ut
998 1578 1166 1660 praedica·

214 1675 293 1740 bilis
317 1675 471 1757 episcopi
500 1674 661 1739 affectum
688 1676 724 1738 in
747 1675 952 1756 magistrum
974 1677 1166 1754 ostendam,

216 1775 318 1839 simul
339 1782 375 1839 et
394 1774 552 1839 doctrina
566 1774 641 1858 ejus
660 1775 725 1838 erit
739 1775 899 1856 exemplo
916 1778 1064 1858 posteris
1080 1771 1166 1861 ¹quo

216 1874 388 1957 quomodo
402 1875 476 1939 vivi
489 1875 614 1940 debeat
628 1874 793 1953 instituit,
810 1876 876 1938 etsi
893 1875 1040 1940 fortasse
1055 1884 1166 1941 metas

215 1994 307 2039 verae
321 1974 433 2039 laudis
449 1993 566 2039 umore
580 1974 745 2039 incitatus
763 1974 976 2038 transilierit.

216 2122 351 2202 ‘Quem
365 2123 468 2186 modo
485 2122 642 2200 miratur,
657 2142 793 2204 semper
806 2123 986 2186 mirabitur
1002 2124 1106 2200 orbis,

268 2222 334 2286 Ille
349 2223 582 2304 Berengarius
598 2242 667 2286 non
686 2223 843 2286 obiturus
857 2222 941 2285 obit.

218 2321 342 2401 Quem,
360 2341 469 2386 sacrae
483 2322 562 2386 fidei
579 2321 721 2404 fastigia
734 2341 868 2386 summa
885 2329 1071 2399 tenentem,

266 2422 290 2487 J
293 2441 349 2485 am
365 2422 488 2505 quinta
500 2422 573 2486 dies
591 2422 747 2499 abstulit,
762 2440 849 2484 ausa
863 2421 971 2485 nefas

219 2521 287 2585 Illa
300 2522 373 2586 dies
387 2522 556 2586 damnosa
570 2522 655 2598 diae,
671 2530 705 2586 et
719 2521 850 2604 perfida
863 2521 1003 2598 mundo,

269 2620 349 2700 Qua
363 2622 460 2685 dolor
477 2629 512 2685 et
526 2641 641 2684 rerum
656 2640 790 2684 summa
804 2622 906 2685 ruina
920 2622 987 2684 fuit
1001 2641 1009 2702 ;

220 2720 300 2800 Qua
314 2728 428 2785 status
441 2721 608 2798 ecclesiae,
623 2740 694 2803 qua
710 2740 802 2802 spes,
817 2741 887 2804 qua
903 2721 1014 2802 gloria
1028 2721 1122 2797 cleri,

271 2819 352 2899 Qua
368 2821 480 2884 cultor
491 2821 593 2904 juris,
605 2820 686 2904 jure
702 2828 836 2897 ruente,
854 2821 935 2885 ruit.

222 2919 394 3003 Quicquid
409 2919 616 3003 philosophi,
631 2920 794 3003 quicquid
810 2920 963 2984 cecinere
976 2927 1101 3002 poetae,

271 3018 417 3101 Ingenio
433 3020 536 3083 cessit
550 3019 755 3103 eloquioque
770 3039 846 3083 suo.

221 3118 380 3184 Sanctior
395 3127 430 3182 et
442 3119 554 3203 maj0r
567 3119 750 3201 sapientia,
765 3119 877 3203 majus
894 3118 1028 3194 adorta,

272 3218 435 3300 Implevit
449 3238 586 3282 sacrum
599 3225 720 3302 pectus
735 3225 770 3281 et
786 3237 847 3280 ora
864 3217 951 3281 Deo.

222 3317 350 3383 Pectus
364 3337 442 3382 eum
459 3319 582 3396 voluit,
597 3338 667 3382 vox
680 3316 836 3401 protulit,
851 3317 942 3379 actio
959 3314 1139 3400 prompsit,

272 3418 418 3500 Singula
436 3417 577 3482 Factori
593 3419 642 3481 sic
658 3417 820 3481 studuere
837 3434 912 3479 suo.

221 3514 287 3580 Vir
302 3537 400 3581 sacer
416 3525 451 3583 et
465 3519 615 3602 sapiens,
631 3517 687 3580 cui
703 3536 827 3580 nomen
843 3515 966 3580 crescit
978 3515 1014 3578 in
1032 3513 1135 3578 horas
1149 3534 1158 3594 3

272 3617 352 3694 Quo
363 3618 475 3680 minor
488 3626 542 3681 est
552 3617 721 3700 quisquiS,
733 3617 905 3679 maximus
916 3622 969 3678 est
980 3615 1167 3678 hominum.

221 3714 288 3779 Cui
302 3736 425 3781 sensus
438 3717 584 3800 peperit,
596 3723 717 3799 partos
731 3715 885 3780 servavit
898 3714 1046 3778 honores
1059 3733 1068 3794 ;

255 3897 259 3903 .
272 3814 338 3879 Cui
354 3817 468 3898 potior
481 3835 614 3900 pauper
629 3816 747 3892 divite,
760 3815 890 3899 jusque
903 3814 1012 3878 lucro.

222 3913 287 3978 Cui
304 3935 367 3979 nec
382 3915 548 3979 desidiam
563 3935 626 3979 nec
643 3916 764 3978 luxum
780 3935 835 3979 res
851 3913 946 3977 dedit
961 3911 1088 3994 ampla,

271 4013 348 4078 Nec
363 4015 530 4083 tumidum
545 4015 627 4080 fecit
641 4015 770 4078 multus
785 4022 820 4078 et
835 4013 927 4077 altus
941 4013 1064 4076 honos

411 4307 420 4336 ¹
440 4300 517 4373 Qua]
536 4307 611 4367 El.;
628 4321 689 4368 qun,
700 4304 734 4355 A.
747 4306 776 4355 S.
791 4306 821 4354 C.
834 4304 867 4352 D.
879 4303 903 4350 E
911 4306 935 4354 2.
948 4302 979 4353 L.
