3140 4974
197 479 351 561 1111111]
428 497 543 544 essm
566 496 693 544 assum
719 497 932 544 luououuu.
1084 477 1150 543 595

203 651 313 732 gavit.
354 650 511 716 Portitor
519 651 650 716 chartae
665 651 730 714 fuit
744 651 927 715 homuncio
944 651 1066 734 Syrus,
1078 652 1149 734 qui,
1163 675 1258 736 11111111

204 750 270 814 etsi
290 751 516 828 inveniretur,
533 751 672 816 habitus
687 752 822 816 vilitate
836 757 872 814 et
887 751 1054 815 sermonis
1077 752 1151 815 noti
1162 726 1314 816 mseru-

203 851 408 915 commercic
431 851 636 916 insidiantes
659 851 807 915 falleret.
861 850 943 928 Hic,
965 851 1057 914 notis
1085 851 1152 914 sibi

204 969 266 1032 per
295 950 397 1015 devia
427 951 638 1032 compendiis
665 951 873 1033 perfidorum
906 951 1061 1033 pericula
1092 950 1152 1013 de·
1183 982 1185 986 ⁴

206 1049 352 1127 clinans,
368 1050 471 1114 tertio
493 1050 549 1113 die
571 1050 821 1133 lerosolymam
843 1050 1011 1133 pervenit.
1062 1049 1153 1112 Tum

206 1149 340 1230 equites
357 1151 417 1231 qui
438 1151 557 1214 urbem
571 1151 787 1226 tutabantur,
799 1151 931 1234 junctis
947 1149 1013 1212 sibi
1028 1149 1154 1212 auxili-

209 1249 319 1312 arium
334 1249 488 1331 peditum
503 1250 638 1326 turmis,
654 1249 698 1312 ad
716 1249 739 1313 J
742 1269 856 1331 oppen
871 1248 1072 1330 profecturi,
1088 1249 1155 1312 iter

209 1349 297 1412 mari
318 1349 516 1431 proximum
540 1338 759 1425 direxerunt,
776 1348 1036 1412 mediterraneis
1059 1348 1155 1413 devi-

208 1447 310 1510 tatis:
338 1449 485 1512 extremi
500 1441 630 1512 ¹ternen
642 1448 791 1530 agminis
805 1447 929 1511 Turcis
951 1448 1155 1529 urgentibus

208 1546 393 1624 interfecti,
419 1548 511 1629 quod
529 1547 584 1613 vel
611 1548 709 1630 equis
732 1548 789 1611 vel
808 1547 982 1630 peditibus
1008 1547 1155 1611 destitu-

209 1646 367 1710 ebantur.
421 1647 479 1712 Ita
495 1647 715 1729 congregatis
733 1667 778 1710 ex
797 1645 1023 1730 lerosolymis
1047 1665 1156 1709 nona·

211 1746 310 1826 ginta
336 1746 522 1828 equitibus
553 1766 598 1810 ex
624 1746 819 1830 Tyberiade
849 1746 1040 1828 octoginta,
1069 1765 1156 1828 quos

212 1843 321 1926 Hugo
334 1845 406 1908 dux
423 1846 681 1910 strenuissimus
696 1846 890 1909 adduxerat
903 1847 945 1918 in,
953 1845 1157 1922 subsidium,

210 1945 371 2026 armigeri
394 1964 532 2028 quoque
554 1965 617 2028 pro
642 1945 788 2026 penuria
812 1945 985 2008 inlocum
1009 1944 1157 2008 militum

211 2043 338 2108 allecti.
372 2043 521 2109 Postera
537 2063 621 2126 ergo
634 2043 690 2108 die
706 2063 838 2108 moram
851 2063 979 2125 pugnae
996 2043 1157 2120 absolvit,

212 2142 336 2206 Turcis
357 2143 433 2226 jam
458 2145 546 2208 adeo
568 2143 740 2208 ferocibus
771 2149 810 2211 ut
829 2144 962 2225 paratis
991 2143 1159 2206 machinis

212 2262 347 2306 murum
363 2243 386 2307 J
389 2243 490 2326 oppis
507 2241 650 2324 aggredi
663 2237 941 2306 ²meditarentur.
994 2241 1160 2306 Praeven-

213 2349 287 2406 tum
304 2341 369 2406 hoc
387 2342 581 2406 Baldewini
597 2341 790 2423 diligentia,
807 2347 843 2404 et
860 2340 1044 2404 Dominica
1059 2359 1161 2406 cruce

214 2442 357 2524 praevia,
387 2461 457 2524 qua
487 2442 646 2523 superius
674 2441 804 2505 bellum
838 2447 1007 2504 caruerat.
1060 2440 1161 2504 'l'otis

214 2535 363 2604 ⁸viribus
390 2542 429 2604 in
454 2540 573 2606 hostes
595 2541 758 2604 alacriter
779 2541 879 2618 itum,
903 2541 1030 2604 acriter
1052 2548 1162 2604 certa-

215 2646 286 2704 tum
300 2659 308 2719 ;
336 2640 450 2717 atilli,
466 2660 561 2704 more
578 2640 682 2705 solito
699 2646 837 2703 nostros
855 2640 1162 2723 circumgyrantes,

215 2745 330 2803 actum
344 2741 386 2803 dc
405 2738 611 2805 Christianis
633 2745 814 2821 putarunt,
834 2739 935 2802 hilari
951 2739 1085 2803 ululatu
1102 2759 1164 2802 vo-

216 2838 420 2902 ciferantes:
437 2839 498 2902 sed
516 2838 626 2916 affuit,
641 2846 677 2902 et
690 2839 735 2902 de
748 2839 838 2902 coelo
854 2838 994 2902 tandem
1008 2840 1164 2921 respexit

218 2937 388 3002 Dominus
410 2938 433 3002 J
436 2957 527 3015 esne,
552 2938 767 3020 Francisque
789 2938 1043 3001 animositatem
1064 2939 1163 3019 inge-

217 3057 308 3114 rens,
321 3037 478 3102 inimicos
495 3056 617 3117 campo
641 3038 797 3118 privatos
814 3036 964 3119 conjecit
977 3037 1014 3099 in
1032 3036 1162 3118 fugam.

217 3135 297 3200 Hoc
322 3137 416 3199 etin
441 3135 606 3198 anteriori
627 3135 749 3215 praelio
772 3135 902 3198 facturn
929 3142 993 3211 est,
1018 3142 1070 3211 ut,
1094 3156 1163 3198 non

216 3235 322 3299 semel
337 3234 439 3317 ejecti
456 3231 627 3308 tentoriis
643 3238 766 3315 postea
783 3231 1004 3296 multitudine
1020 3252 1164 3316 supera-

216 3335 308 3397 rint:
332 3339 406 3395 tum
428 3339 544 3395 autem
558 3350 635 3394 cum
649 3331 783 3412 pedites
807 3330 940 3395 eminus
955 3333 1107 3413 sagittis
1130 3339 1165 3395 et

218 3433 353 3515 equites
373 3431 502 3494 lanceis
525 3431 680 3505 cominus
695 3429 849 3507 ferirent,
866 3433 959 3494 omni
985 3451 1046 3514 spe
1071 3431 1166 3514 pedi-

218 3534 282 3596 bus
297 3530 491 3607 commissa,
508 3531 627 3612 fugere
642 3548 919 3612 perseveravere.

268 3629 286 3714 §
311 3629 388 3694 385.
411 3627 536 3694 Altera
566 3629 618 3693 illi
646 3648 766 3711 pugna
789 3629 1037 3712 posterioribus
1064 3630 1297 3693 adnisurum.

216 3729 294 3807 fuit,
308 3731 345 3793 in
361 3749 430 3812 qua
446 3729 572 3793 milites
591 3729 713 3806 nostri,
730 3728 921 3791 Turcorum
940 3728 1040 3810 copia
1054 3731 1165 3811 pressi

218 3830 310 3893 etin
336 3828 455 3910 fugam
479 3828 683 3906 antistiam
707 3827 860 3891 salutare
884 3828 1052 3892 vexillum
1080 3829 1166 3891 ami-

255 4054 387 4128 ¹Tomen.]
411 4058 446 4109 A.
465 4060 494 4109 S.
516 4062 545 4109 C.
567 4061 603 4109 D.
622 4061 646 4108 E
654 4065 678 4110 2.

218 4131 264 4190 L.;
280 4131 384 4179 omitted
395 4129 420 4176 in
432 4131 489 4178 El.
740 4126 751 4156 ³
766 4125 898 4197 Virilem]
921 4131 951 4190 0,
968 4129 1003 4178 D.
1023 4129 1074 4186 E.;
1097 4129 1168 4189 regni

252 4197 263 4229 ²
274 4193 477 4268 Mediterranea]
490 4200 518 4250 S.
527 4200 563 4250 D.
575 4201 624 4260 E.;
636 4199 680 4248 de·
704 4199 811 4262 viribus,
823 4200 852 4248 S.
865 4200 913 4260 L.;
930 4199 1105 4262 regiminibus,
1116 4199 1149 4246 A.

217 4269 361 4331 liberarent,
373 4269 404 4318 L.
