3140 4974
228 494 381 589 nm.·1v.]
458 511 572 560 cusan
596 510 723 558 aucun
747 511 962 560 suetonum
1114 498 1180 562 603

211 712 215 716 -
230 668 365 750 accepit
380 674 416 732 et
435 661 519 731 lnon
543 667 761 730 mediocriter
775 668 896 747 auxit3
920 665 1130 745 Arelatensi,
1145 677 1180 733 et

231 765 465 843 Narbonensi,
489 774 525 830 et
546 765 772 842 Prouinciali‚
797 772 832 830 et
855 766 1093 831 Lemovicensi
1118 768 1179 831 ad·

224 865 369 948 junctis.
410 866 574 929 Tolosam
589 884 726 947 quoque
742 885 763 928 a
779 885 943 947 germano
962 867 1055 943 emit,
1072 866 1180 949 pluri-

229 966 294 1026 bus
309 965 410 1028 annis
435 972 516 1028 ante
535 966 653 1046 magni
667 970 780 1027 motus
795 965 888 1028 viam
910 965 1065 1046 profecto
1082 966 1179 1030 Iero-

229 1064 409 1146 solymam.
462 1064 530 1127 Sed
547 1064 621 1128 baec
637 1064 736 1127 multi
751 1064 916 1146 temporis
938 1065 1126 1128 intercessu
1144 1074 1179 1129 et

229 1169 333 1226 aetate
364 1163 520 1246 impensa
548 1149 687 1227 laboris
722 1162 861 1244 Itaque,
889 1164 1015 1245 pugnis
1044 1184 1180 1246 semper

230 1261 401 1339 assiduus,
412 1263 602 1344 legitimam
616 1281 760 1325 uxorem
774 1281 844 1324 non
860 1262 1080 1340 desideravit,
1091 1265 1179 1326 mul-

229 1361 350 1425 tinubo
378 1363 610 1425 concubinatu
631 1362 845 1442 voluptatem
877 1381 1054 1426 exercens
1107 1363 1178 1426 De-

231 1461 334 1542 nique
360 1480 404 1524 ex
428 1480 499 1523 una
523 1461 684 1542 pellicum
709 1460 817 1522 filium
839 1468 971 1537 natum,
1001 1461 1179 1524 Bertram-

231 1578 325 1634 num,
365 1561 572 1640 cognatione
604 1566 640 1622 et
671 1558 873 1622 haereditatc
907 1559 1072 1640 dignatus
1112 1567 1177 1637 est,

230 1658 322 1738 quod
346 1659 383 1721 in
409 1658 595 1740 aliquantis
615 1659 837 1741 patrissaret3
861 1659 916 1721 cui
931 1677 1074 1722 uxorem
1095 1679 1177 1723 con·

226 1751 531 1839 junxit2Matinis
549 1758 711 1822 Marcisae
728 1763 866 1838 neptem
883 1777 928 1820 ex
946 1757 1178 1839 Langobarda

230 1862 361 1932 natam,
378 1863 417 1919 ut
437 1857 531 1920 illius
550 1855 716 1920 affinitate
731 1849 827 1919 ³illas
852 1857 1040 1939 provinciae
1060 1864 1177 1940 partes

230 1961 413 2018 tutaretur.
467 1955 548 2037 Ipse
562 1975 700 2037 quoque
719 1955 884 2018 extremis
898 1954 968 2018 lere
988 1959 1088 2019 annis
1110 1978 1178 2020 ux-

230 2073 323 2117 orem
346 2055 470 2118 ascivit
485 2054 591 2118 filiam
613 2055 705 2135 regis
722 2053 1007 2131 Tarraconensis
1026 2056 1176 2137 splendi-

230 2152 310 2216 dam
334 2153 451 2217 dotem
478 2160 616 2237 pactus,
640 2160 806 2216 aeternam
836 2153 968 2216 scilicet
993 2155 1176 2218 contermi-

229 2270 351 2316 narum
378 2254 633 2334 provinciarum
658 2271 790 2335 pacem.
843 2251 919 2315 Neo
948 2253 1057 2317 multo
1084 2261 1176 2336 post,

227 2352 342 2415 nivem
374 2352 498 2433 capitis
526 2353 726 2433 respiciens,
755 2351 1080 2434 lerosolymitanum
1109 2354 1177 2418 iter

228 2451 338 2527 vovit,
352 2457 392 2514 ut
407 2451 490 2514 lassi
505 2458 541 2515 et
552 2451 659 2515 effoeti
673 2452 826 2533 corporis
841 2451 932 2514 vires
943 2451 1018 2535 jam
1027 2453 1083 2520 vel
1098 2469 1176 2518 sero

228 2548 307 2612 Deo
332 2550 566 2630 deservirent3
603 2557 745 2615 auctore
769 2551 942 2633 praecipue
971 2550 1177 2616 Caturcensi

227 2649 401 2731 episcopo,
417 2649 516 2732 cujus
537 2652 713 2733 praecipua
734 2669 840 2732 opera
857 2651 933 2733 ipse
955 2669 1091 2734 semper
1110 2653 1175 2714 im·

228 2756 403 2829 pugnatus
422 2748 554 2814 suerat:
579 2751 683 2813 etiam
697 2751 733 2812 in
747 2750 896 2832 quodam
916 2749 1043 2815 duellio
1065 2751 1175 2816 altero

129 2889 130 2896 κ
228 2846 356 2911 lumine
371 2847 540 2930 privatus
554 2849 653 2933 cujus
673 2851 809 2931 insigne
824 2849 1032 2914 calamitatis
1049 2870 1122 2933 praa
1137 2870 1175 2915 se

227 2945 338 3010 terens
360 2968 430 3012 non
454 2949 566 3012 solum
586 2969 655 3012 non
672 2950 880 3026 occultabat,
895 2950 1076 3014 sedetiam
1099 2951 1175 3032 glo·

226 3045 381 3109 riabatur
391 3046 495 3124 ultro,
510 3049 683 3129 specimen
697 3048 822 3112 nobilis
835 3048 967 3112 militiae
983 3056 1173 3113 ostentans.

226 3143 326 3209 Tunc
349 3140 464 3210 autem
485 3153 607 3208 mutua
626 3145 785 3210 foederati
811 3147 975 3222 amicitia,
992 3153 1032 3210 ut
1054 3167 1173 3212 senec-

226 3249 336 3306 tutem
351 3263 450 3306 suam
464 3245 590 3308 divinis
605 3252 845 3307 consumerent
853 3244 1015 3322 cultibus,
1027 3245 1172 3310 Urbano

221 3341 296 3424 jam
318 3343 355 3405 in
375 3343 655 3424 praedicationem
679 3361 789 3425 prono
816 3342 974 3406 stimulos
997 3344 1171 3422 addidere,

226 3447 277 3517 ut,
301 3442 458 3506 transitis
482 3441 641 3525 Alpibus
671 3441 888 3524 potissimum
914 3443 1007 3524 apud
1030 3442 1170 3508 Clarum

227 3539 383 3604 Mentem
403 3542 585 3605 concilium
606 3547 757 3623 cogeret,
773 3542 865 3624 quod
885 3549 977 3605 esset
991 3561 1032 3608 ea
1047 3543 1172 3608 civitas

227 3646 262 3701 et
285 3640 423 3703 illorum
445 3642 568 3722 patriae
593 3642 800 3724 propinqua,
823 3648 858 3706 et
883 3661 928 3704 ex
953 3647 1028 3708 tota
1055 3641 1172 3707 Gallia

225 3739 441 3802 venientibus
456 3747 662 3823 opportuna.
714 3741 966 3817 Veruntamen,
982 3742 1018 3805 in
1034 3742 1109 3822 ipso
1126 3742 1171 3805 ad

227 3838 409 3901 concilium
431 3839 565 3916 itinere,
590 3839 750 3920 pontifex
773 3840 870 3904 obitu
897 3838 1032 3904 defecit.
1085 3839 1173 3904 Suc·

261 4064 337 4117 ¹Nou
347 4068 521 4133 mediocrum]
547 4072 576 4120 C.
588 4071 623 4120 D.
635 4073 687 4132 E.;
714 4071 800 4132 Eluta,
821 4088 850 4122 or
872 4073 981 4135 Helena,
1003 4073 1129 4136 daugnter
1150 4074 1179 4123 of

224 4139 332 4186 immane
347 4144 478 4201 quantum,
491 4140 519 4189 S.
531 4141 562 4190 L.
573 4156 580 4200 3
599 4143 626 4189 iu
641 4143 687 4190 im·
713 4142 781 4190 Otho
792 4142 815 4192 1.
828 4143 898 4192 duke
909 4143 939 4191 oi
947 4145 1097 4205 Burgundy.

224 4223 347 4268 mensum,
357 4208 391 4258 A.
747 4207 853 4280 tlara]
874 4211 907 4262 A.
920 4213 954 4262 D.
973 4215 1007 4263 E.
1023 4215 1055 4264 L.
1063 4227 1073 4276 ;
1095 4213 1176 4275 illius,

258 4275 269 4308 ²
291 4277 407 4328 Mutildis
429 4278 546 4329 Murciae
570 4281 686 4343 neptem]
714 4280 783 4330 Μ’.

1192 687 1288 726 Acoount
1296 687 1320 726 of

1192 737 1311 786 Raymond.
