3140 4974
390 505 455 571 538
617 520 732 571 cnsrn
755 523 882 571 nncnu
907 521 1120 570 nnononuu.
1193 510 1277 589 [nin.
1295 525 1344 572 rv-

230 697 363 792 ffigor
416 684 539 764 Longa
554 690 634 747 tuos
650 679 762 747 fastus
776 691 864 747 aetas
881 684 1074 763 destruxit3
1099 690 1135 748 et
1152 703 1251 748 arces

466 783 629 860 Caesaris,
643 790 679 846 et
694 803 857 867 superum
876 784 1018 865 templa,
1035 783 1162 865 palude
1173 784 1306 867 jacent.

418 885 485 947 Ille
500 884 610 958 labor,
622 883 722 947 labor
737 884 796 947 ille
813 883 894 960 ruit,
912 902 1014 965 quem
1031 884 1126 946 dirus
1144 881 1282 948 Araxes

468 982 515 1046 Et
532 988 682 1046 stantem
697 983 851 1059 tremuit,
866 990 902 1046 et
920 983 1084 1046 cecidisse
1100 982 1215 1062 dolet;
1275 1055 1277 1058 ¹

420 1083 532 1161 Quem
547 1081 655 1163 gladii
669 1101 803 1164 regum,
817 1100 918 1164 quem
934 1082 1081 1163 provida
1090 1081 1173 1166 jura
1189 1088 1344 1159 senatus,

470 1181 584 1259 Quem
599 1181 715 1264 superi
732 1201 846 1244 rerum
863 1182 1073 1245 constituere
1089 1189 1214 1264 caput3

420 1280 533 1361 Quem
547 1280 658 1361 magis
673 1281 809 1364 optavit
822 1299 900 1343 cum
916 1281 1057 1344 crimine
1073 1281 1168 1344 solus
1182 1281 1308 1346 habere

470 1379 602 1456 Caesar,
618 1399 723 1461 quam
737 1381 853 1444 socius
866 1386 902 1443 et
917 1379 996 1461 pius
1012 1399 1088 1443 esse
1104 1399 1220 1445 socer:

421 1480 491 1558 Qui
528 1497 685 1542 crescens
723 1479 846 1543 studiis
880 1480 1004 1554 tribus,
1039 1479 1168 1556 hosteS,
1202 1481 1343 1558 crimen,

519 1577 660 1654 amicos,
1136 1571 1138 1575 ’

470 1677 519 1740 Vi
533 1677 678 1754 domuit,
695 1677 807 1740 secuit
822 1677 971 1758 legibus,
985 1679 1069 1742 emit
1085 1697 1170 1760 ope3

421 1777 465 1839 ln
480 1796 594 1858 quem,
609 1775 690 1839 dum
708 1775 817 1853 fieret,
835 1777 997 1858 vigilavit
1011 1796 1095 1840 cura
1111 1779 1275 1859 priorum,

470 1876 492 1939 J
496 1877 573 1940 uvit
587 1894 675 1958 opus
689 1876 813 1958 pietas,
828 1876 974 1958 hospitis
992 1877 1086 1940 unda
1099 1877 1212 1942 locum
1227 1899 1236 1957 3

422 1975 619 2051 Materiam,
632 1975 760 2053 fabros,
774 1995 959 2058 expensas,
976 1976 1054 2038 axis
1070 1983 1213 2061 uterque

472 2074 592 2154 Misit3
615 2095 653 2138 se
669 2076 776 2139 muris
791 2076 918 2140 obtulit
934 2077 1009 2158 ipse
1025 2075 1145 2141 locus:

421 2175 628 2258 Expendere
642 2175 747 2239 duces
762 2175 957 2252 thesauros,
972 2175 1046 2238 fata
1059 2175 1225 2253 favorem,

470 2273 633 2338 Artifices
648 2274 812 2352 studium,
829 2282 925 2338 totus
940 2282 976 2338 et
990 2275 1083 2338 orbis
1100 2295 1192 2358 opes.

420 2374 513 2439 Urbs
531 2374 666 2451 cecidit,
683 2375 726 2438 de
739 2393 808 2455 qua
824 2375 854 2437 si
871 2376 1056 2458 quicquam
1073 2374 1187 2438 dicere
1201 2375 1344 2456 dignum

470 2472 611 2549 Moliar,
626 2473 691 2539 hoc
707 2481 829 2556 potero
847 2474 972 2551 dicere,
987 2480 1009 2508 ‘⁴
1022 2473 1136 2538 Roma
1153 2475 1219 2538 fuit
1231 2475 1262 2539 !''

420 2572 503 2636 Non
530 2579 647 2635 tamen
672 2592 841 2637 annorum
870 2575 989 2651 series,
1014 2593 1084 2637 non
1107 2573 1258 2651 flamma,
1281 2594 1344 2638 nec

518 2671 623 2747 ensis,

470 2769 526 2835 Ad
544 2770 685 2853 plenum
702 2773 818 2852 potuit
833 2771 898 2836 hoc
916 2773 1054 2836 abolere
1067 2773 1184 2836 decus.

420 2869 514 2934 Cura
535 2869 713 2932 hominum
741 2871 856 2952 potuit
880 2878 1016 2935 tantam
1039 2890 1243 2954 componere
1272 2871 1345 2936 Ro-

517 2987 620 3045 mam,

469 3065 648 3146 Quantam
661 3087 731 3131 uon
745 3070 860 3150 potuit
877 3070 1013 3134 solvere
1029 3088 1112 3133 cura
1128 3070 1240 3133 deum.

419 3167 548 3230 Confer
575 3187 670 3250 opes,
701 3186 918 3251 marmorque
942 3188 1083 3245 novum,
1113 3188 1344 3252 superumque

517 3267 685 3343 favorem,

468 3363 653 3430 Artificum
670 3366 815 3448 vigilent
827 3366 864 3428 in
879 3385 971 3430 nova
985 3367 1079 3431 facta
1094 3387 1238 3447 manus3

419 3465 501 3528 Non
518 3472 633 3529 tamen
649 3474 710 3528 aut
723 3465 798 3528 deri
812 3484 876 3547 par
890 3467 998 3529 stanti
1013 3468 1174 3532 machina
1189 3487 1300 3545 muro,

467 3562 541 3628 Aut
557 3565 745 3628 restaurari
761 3565 835 3628 sola
852 3566 952 3629 ruina
967 3573 1093 3647 potest.

418 3663 487 3727 Hic
505 3683 667 3746 superum
682 3664 810 3728 formas
825 3665 942 3746 superi
955 3667 1124 3730 mirantur
1138 3674 1173 3730 ct
1190 3668 1268 3750 ipsi,

471 3763 516 3828 Et
529 3765 673 3846 cupiunt
682 3750 776 3827 'fictis
793 3763 948 3828 vultibus
962 3785 1037 3830 esse
1053 3784 1166 3847 pares

418 3863 500 3927 Non
514 3865 629 3946 potuit
644 3863 783 3927 Natura
796 3861 878 3926 deos
895 3863 960 3927 hoc
978 3885 1036 3928 ore
1051 3885 1181 3942 creare,

467 3961 547 4042 Quo
562 3962 719 4027 miranda
731 3962 834 4025 deum
849 3964 951 4045 signa
968 3966 1100 4029 creavit
1114 3965 1228 4029 homo.

417 4062 546 4126 Vultus
562 4064 660 4127 adest
676 4063 730 4125 his
746 4062 963 4143 numinibus;
982 4065 1167 4147 potiusque
1182 4066 1345 4128 coluntur

464 4161 647 4227 Artificum
662 4163 789 4239 studio,
808 4182 912 4245 qnam
928 4165 1059 4229 deitate
1076 4185 1152 4228 sua.

414 4262 506 4326 Urbs
523 4264 618 4339 felix,
637 4265 666 4326 si
685 4263 739 4327 vel
755 4263 902 4327 dominis
919 4265 1001 4327 urbs
1018 4265 1080 4329 illa
1097 4271 1242 4340 careret,

462 4361 529 4426 Vel
545 4363 691 4427 dominis
707 4373 800 4428 esset
815 4371 916 4448 turpe
932 4384 1050 4428 carere
1068 4364 1159 4428 fide!
