3140 4974
197 481 332 562 mnu]
428 497 541 544 cussa
566 497 691 545 aucun
716 498 928 546 ruscorum.
1082 486 1148 550 625

196 652 319 734 patriae
331 651 590 735 praedicandum
604 654 883 717 emolumentum.
918 653 1042 737 Itaque
1053 655 1146 720 Nor-

198 753 372 815 manniam
398 753 541 815 veniens
564 753 660 816 brevi
684 760 794 816 totam
817 753 920 834 cepit,
946 755 1001 817 vel
1029 756 1146 838 potius

185 852 338 933 recepit,
355 852 515 914 omnibus
531 850 575 913 ad
588 851 664 935 ejus
679 850 868 915 dominium
882 853 1146 932 confluentibus,

197 957 237 1012 ut
267 949 369 1013 fessae
396 950 598 1032 provinciae,
626 951 746 1032 vigore
770 970 839 1032 quo
869 951 1034 1032 pollebat,
1064 973 1145 1017 con-

197 1048 337 1112 suleret.
384 1049 474 1114 Non
494 1056 610 1112 tamen
634 1050 709 1112 sine
735 1051 904 1130 sanguine
924 1057 1058 1114 tantam
1075 1054 1146 1116 vic-

197 1149 322 1210 toriam
344 1166 597 1224 consummans,
612 1148 739 1211 multos
762 1168 807 1211 ex
829 1148 1038 1213 charissimis
1061 1152 1146 1214 ami·

198 1247 265 1311 sit:
283 1248 375 1310 inter
391 1266 478 1328 quos
493 1247 682 1327 Rogerium
699 1247 741 1309 de
752 1245 947 1324 Glocestra,
962 1251 1145 1330 probatum

104 1363 108 1366 ·
153 1353 156 1360 '
198 1347 353 1423 militem,
377 1347 413 1408 in
437 1346 635 1409 obsessione
654 1345 782 1408 Falesii
806 1347 1024 1410 arcubalistae
1046 1347 1146 1430 jactu

198 1444 234 1506 in
250 1447 363 1527 capite
378 1463 598 1526 percussum3
621 1451 790 1526 praeterea
805 1438 1016 1508 ¹Robertum
1038 1447 1146 1510 filium

200 1542 385 1621 HamoniS,
402 1544 463 1625 qui
485 1551 588 1607 conto
606 1544 696 1606 ictus
712 1550 881 1625 tempora,
895 1543 1146 1627 hebetatusque

198 1642 349 1723 ingenio,
370 1663 440 1706 non
456 1635 584 1724 ²pauco
601 1650 755 1725 tempore
772 1644 872 1724 quasi
892 1650 1015 1724 captus
1031 1652 1146 1708 mente

198 1742 403 1824 supervixit.
439 1741 567 1805 Merito
581 1743 786 1805 mulctatum
801 1741 929 1819 ferunt,
945 1743 1049 1823 quod,
1068 1743 1144 1826 ejus

197 1840 365 1904 liberandi
397 1859 515 1918 causa,
545 1860 609 1904 rex
636 1840 811 1904 Henricus
845 1841 994 1904 Baiocas
1022 1842 1145 1906 civita·

199 1947 269 2003 tem
293 1960 371 2003 cum
402 1939 586 2021 principali
609 1940 756 2003 ecclesia
781 1939 920 2021 ignibus
942 1941 1145 2022 absumpse-

199 2040 264 2103 rit:
299 2039 359 2102 sed
389 2040 539 2121 utrique,
563 2046 603 2116 ut
629 2058 820 2120 speramus
848 2039 1028 2120 purgabile
1055 2039 1144 2118 fuit3

90 2125 94 2129 ’
197 2157 277 2201 nam
294 2145 329 2201 et
343 2138 549 2201 detrimenta
572 2138 727 2200 ecclesiae
750 2156 812 2199 rex
833 2136 975 2200 mirifice
1001 2139 1144 2201 resarci-

196 2238 260 2314 vit,
278 2244 312 2300 et
331 2238 506 2300 Robertus
527 2235 774 2300 monasterium
789 2234 1064 2299 Theochesbiriae
1081 2255 1144 2299 suo

195 2335 315 2400 lavore
337 2356 406 2399 non
427 2334 529 2398 facile
550 2343 741 2397 memoratu
766 2341 933 2417 quantum
960 2335 1143 2412 exaltavit,

195 2436 256 2499 ubi
282 2442 317 2498 et
343 2433 565 2498 aedificiorum
594 2434 708 2510 decor,
731 2440 766 2496 et
789 2432 1034 2496 monachorum
1061 2433 1143 2498 cha·

196 2534 294 2610 ritas,
309 2533 570 2597 adventantium
585 2533 677 2614 rapit
692 2533 811 2595 oculos
825 2539 860 2595 et
875 2532 984 2596 allicit
997 2533 1141 2596 animos.

199 2633 335 2696 Horum
349 2633 566 2714 dispendium
587 2640 626 2695 ut
643 2631 784 2695 fortuna
803 2632 959 2708 sarciret,
975 2652 1143 2695 summam

197 2751 337 2796 manum
356 2732 538 2813 ingruente
559 2731 649 2794 bello
670 2731 856 2812 imposuit3
880 2731 1143 2813 venientemque

198 2839 319 2895 contra
338 2850 375 2894 se
395 2850 472 2894 cum
493 2850 562 2894 non
583 2830 835 2895 contemnenda
855 2849 960 2893 manu
988 2829 1142 2908 fratrem,

197 2938 233 2994 et
246 2930 460 2994 Willelmum
489 2930 648 2993 comitem
675 2929 863 3004 Moretolii,
888 2936 923 2992 et
952 2930 1144 2993 Robertum

199 3030 361 3106 Belesmi,
390 3029 512 3093 ditioni
546 3029 623 3111 ejus
656 3026 751 3090 sacili
785 3046 892 3108 opera
922 3028 1142 3093 contradidit.

198 3128 279 3192 Hoc
301 3128 429 3193 bellum
453 3133 568 3190 actum
589 3132 643 3189 est
668 3125 760 3206 apud
782 3124 1044 3203 Tenerchebrei,
1067 3145 1142 3189 cas-
1155 3145 1258 3185 rancor

197 3227 317 3290 tellum
343 3225 478 3288 comitis
503 3222 765 3298 Moritoliensis,
779 3217 950 3285 ³Sabbato
974 3223 1011 3285 in
1031 3195 1288 3294 sanctilllrll‘elll'

198 3323 381 3388 Michaelis
404 3322 536 3403 vigilia.
590 3321 688 3384 Idem
714 3321 787 3384 dies
812 3327 892 3384 ante
912 3320 1144 3402 quadraginta
1156 3294 1277 3335 ΗΜ

197 3424 334 3488 circiter
356 3441 465 3485 annos
487 3421 614 3497 fuerat,
634 3439 712 3482 cum
728 3417 925 3484 Willelmus
948 3419 1143 3502 Hastingas

196 3524 327 3604 primus
353 3520 510 3602 appulit3
534 3518 679 3602 provido
696 3518 843 3582 forsitan
857 3517 924 3581 Dei
943 3517 1088 3601 judicie,
1104 3527 1143 3583 ut

197 3641 238 3684 eo
269 3622 324 3684 die
352 3621 556 3684 subderetur
579 3616 720 3699 Angliae
750 3617 786 3681 N
788 3619 980 3694 ormannia,
1002 3638 1071 3699 quo
1100 3618 1144 3681 ad

197 3739 274 3784 eam
302 3718 558 3804 subjugandam
583 3718 666 3780 olim
691 3723 834 3780 venerat
863 3715 1144 3780 Normannorum

231 3985 240 4016 ¹
261 3985 395 4034 Robertum
409 3983 495 4048 filium
515 3980 657 4042 Humanis]
720 3975 846 4046 ’Pauco.]
865 3979 893 4028 S.
915 3980 944 4028 C.
964 3979 1000 4028 D.
1020 3980 1075 4030 Ea.
1096 3979 1145 4040 L.;

197 4057 248 4104 His
258 4054 384 4116 daughter
394 4054 476 4101 Mabil
495 4053 598 4100 became
617 4051 659 4098 the
683 4064 771 4112 parvo,
782 4050 806 4096 Ε
814 4053 837 4098 1.

197 4126 257 4174 wile
268 4125 297 4173 of
305 4125 400 4172 Robert
405 4123 458 4171 carl
464 4121 493 4170 ol
501 4121 660 4179 Gloucester,

197 4199 223 4243 to
233 4194 316 4242 whom
335 4193 509 4252 Malmesbury
526 4189 659 4238 dedicated
719 4178 866 4253 ’Sabarai
885 4186 1110 4236 Michaelmascve
1122 4187 1148 4235 in

197 4264 247 4314 this
259 4262 340 4312 work.
685 4261 750 4306 1106
761 4256 805 4305 fell
816 4271 849 4304 on
861 4255 964 4316 Friday.
