3140 4974
372 491 440 558 686
581 507 696 557 onsrn
720 507 846 555 arcun
871 505 1087 554 sunnonem.
1172 491 1260 573 [nro.
1275 508 1325 555 1v.

212 683 309 726 aare·
375 683 478 730 ousso
505 662 648 748 Moyses
669 664 867 730 mussitanti
889 662 1019 745 populo
1042 681 1151 745 aquas
1175 663 1324 728 infudit:

213 737 364 826 fflmm-
375 765 473 830 latex
498 764 611 828 adhuc
632 771 704 828 tarn
728 762 826 827 uberi
849 770 885 826 et
904 761 1076 844 praecipiti
1098 763 1174 827 rivo
1199 764 1326 840 influit,

376 870 416 928 ut
441 863 715 928 molendinorum
744 862 932 943 vertigines
962 862 1095 944 impetu
1124 881 1188 926 suo
1220 870 1323 927 rotet.
1396 883 1399 886 ·

377 963 467 1027 Tum
495 963 532 1026 in
562 962 688 1027 declivi
716 961 844 1026 montis
877 968 976 1025 extat
1005 961 1164 1038 ecclesia,
1194 963 1231 1025 in
1262 962 1326 1026 ho-

378 1082 463 1128 nore
489 1061 625 1144 legiferi
648 1059 769 1126 Aaron
798 1059 990 1139 aedificata3
1017 1061 1077 1124 ubi
1101 1062 1189 1143 ipse,
1218 1062 1326 1124 medi·

379 1169 459 1226 ante
481 1169 517 1226 et
538 1168 746 1244 cooperante
759 1160 878 1238 fratre,
894 1161 1032 1224 serebat
1045 1179 1124 1224 eum
1138 1160 1215 1224 Deo
1238 1161 1325 1225 allo-

380 1261 474 1344 quia.
513 1260 568 1324 Ibi
584 1279 606 1324 a
620 1261 773 1343 praeviis,
785 1260 920 1324 viarum
937 1259 1068 1342 gnaris,
1085 1258 1205 1342 quiex
1222 1259 1326 1324 Sara-

381 1361 476 1427 cenis
502 1359 691 1424 Cbristiani
715 1366 843 1436 essent,
868 1358 1084 1423 addiscentes
1108 1359 1189 1424 inde
1217 1379 1327 1442 nsque

382 1459 427 1523 ad
442 1460 656 1542 Babylonem
677 1458 763 1522 nihil
791 1477 867 1522 esse
891 1458 959 1522 nisi
975 1458 1135 1542 jejunum
1154 1461 1267 1524 solum
1292 1466 1327 1523 et

383 1559 535 1622 omnium
552 1559 721 1622 bonorum
742 1558 910 1639 indigum,
926 1557 1177 1641 lerosolymam
1199 1559 1328 1623 reversi

383 1667 476 1733 sunt,
493 1657 664 1740 primitias
679 1657 777 1739 regni
790 1664 844 1721 tot
858 1657 1036 1721 hostilium
1052 1659 1231 1739 regionum
1248 1659 1329 1722 sub-

386 1756 531 1820 'ectione
545 1757 622 1821 Deo
639 1776 722 1821 cons
744 1757 885 1821 oraturi.

220 1777 394 1916 maternal
435 1856 453 1939 ς
466 1856 543 1922 378.
567 1856 707 1921 Paratis
723 1777 831 1939 igitur
842 1850 964 1938 ¹regiis
978 1854 1185 1938 insignibus,
1201 1876 1329 1939 magna

221 1927 338 2067 {ssffi
383 1955 496 2037 gloria
517 1957 554 2019 in
574 1956 753 2021 Bethleem
780 1956 836 2019 die
858 1955 1051 2019 Dominicae
1074 1955 1281 2020 Nativitatis
1307 1976 1329 2021 a

244 2054 278 2067 ”
338 2055 344 2068 “
384 2054 553 2120 Daiberto
578 2055 777 2138 patriarcba
805 2061 991 2119 coronatus
1016 2061 1070 2118 est
1093 2056 1328 2134 baldewinus,

383 2154 500 2219 fausta
521 2157 681 2219 omnibus
703 2155 994 2232 acclamantibus3
1019 2173 1099 2217 nam
1125 2162 1272 2220 extunc
1294 2163 1330 2220 et

382 2255 544 2338 deinceps
571 2255 727 2319 nihilnon
741 2254 974 2318 venerationis
995 2255 1101 2336 regiae
1124 2255 1257 2338 etipse
1279 2255 1330 2318 la-

384 2355 466 2419 bore
480 2375 544 2419 sno
560 2362 615 2419 est
637 2355 793 2430 meritus,
806 2360 842 2418 et
863 2353 1009 2417 aliorum
1028 2352 1148 2418 favore
1170 2354 1330 2437 adeptus,

383 2455 544 2536 quamvis
565 2454 697 2517 minimi
712 2460 748 2517 et
764 2473 853 2536 pene
872 2452 949 2517 dico
970 2453 1122 2534 pudendi
1145 2455 1244 2535 regni
1267 2454 1328 2518 do·

383 2554 511 2618 minus.
562 2552 680 2631 Quare
696 2552 795 2616 decet
810 2550 941 2616 Christi
957 2551 1098 2616 Domini
1113 2551 1331 2617 clementiam

384 2653 569 2733 suspicere,
586 2659 621 2716 et
636 2653 673 2715 in
688 2645 700 2684 ²
705 2645 872 2735 potentiae
887 2652 980 2715 illius
997 2652 1154 2716 contuitu
1171 2653 1329 2734 spatiari,

385 2751 484 2833 cujus
507 2751 672 2832 suffragio
689 2752 803 2815 timeri
817 2750 1007 2815 Christiani
1020 2758 1163 2833 possent
1178 2752 1238 2834 qui
1256 2751 1329 2816 offi-

385 2869 463 2913 cere
478 2851 679 2932 nequirent3
704 2850 764 2913 vix
778 2851 870 2913 euim
885 2851 921 2913 in
936 2857 1013 2914 tota
1028 2851 1152 2914 militia
1166 2850 1330 2933 quadrin-

386 2950 482 3030 genti
505 2950 632 3012 milites
655 2955 766 3026 erant,
778 2956 814 3014 et
836 2955 889 3013 tot
912 2949 1058 3031 pedites,
1074 2951 1135 3032 qui
1157 2936 1330 3034 lerosoly-

386 3067 490 3125 mam,
513 3056 548 3114 et
566 3048 764 3126 Ramulam,
781 3056 816 3113 et
830 3047 1011 3132 Caipham,
1031 3056 1066 3113 et
1081 3049 1104 3112 J
1108 3069 1196 3131 oppe
1214 3057 1330 3114 custo-

386 3148 509 3212 dirent.
563 3149 656 3213 Nam
681 3149 741 3230 qui
757 3149 942 3213 veniebant
964 3147 1117 3228 navigio,
1141 3149 1255 3213 intuto
1278 3156 1329 3213 ta-

385 3268 465 3312 men
487 3250 579 3312 inter
590 3255 644 3312 tot
660 3247 811 3312 hostium
825 3254 958 3329 portus,
973 3247 1088 3312 animo
1103 3249 1234 3312 sanctis
1249 3248 1331 3312 ado-

386 3348 484 3424 ratis,
515 3349 634 3412 statim
661 3346 919 3429 repatriandum
951 3349 1149 3424 censebant,
1179 3346 1332 3430 pedestri

384 3447 444 3509 via
477 3448 616 3528 penitus
641 3446 837 3510 interclusa.
901 3444 1112 3509 Cumulabat
1141 3448 1330 3528 quinimmo

385 3544 621 3610 difficultatem
644 3544 737 3628 quod
752 3546 883 3609 Martio
904 3564 1021 3608 mense
1036 3546 1239 3609 Tancredus
1261 3546 1332 3610 dis·

384 3651 537 3708 cesserat
563 3643 759 3709 Antioohiae
795 3645 1067 3728 principaturus,
1098 3651 1134 3709 et
1164 3665 1226 3709 nec
1256 3645 1332 3727 ipse

384 3745 470 3824 regi,
487 3763 550 3807 nec
573 3764 636 3808 rex
656 3745 736 3826 ipsi,
755 3743 924 3809 auxilium
948 3763 1012 3825 pro
1026 3743 1094 3807 viae
1116 3744 1332 3826 longitudine

384 3835 491 3907 iserre
508 3843 647 3908 valebat
660 3863 669 3922 3
694 3843 782 3907 adde
798 3844 903 3926 quod,
918 3843 948 3906 si
961 3844 1150 3908 necessitas
1165 3862 1333 3926 exposce·

420 4003 846 4076 ¹Regiisiasignibus.]A.D.E.;
871 4003 960 4078 tior-i]
982 4010 1016 4060 A.
1040 4011 1069 4061 S.
1090 4011 1125 4060 D.
1150 4011 1182 4060 Ε.
1204 4011 1250 4072 L.;
1275 4028 1333 4062 con-

383 4081 512 4142 regalibus
524 4080 650 4142 insigniis,
661 4079 708 4138 ἃς
725 4082 792 4142 regis
808 4081 846 4128 in·
870 4081 937 4128 tuitu
947 4081 1030 4140 ipsius
1041 4081 1156 4142 spatiari,
1168 4081 1198 4130 C.

384 4150 509 4212 signibus,
525 4151 574 4211 [ης
596 4149 725 4210 regalibus
740 4150 846 4212 insigni·
904 4147 1003 4198 ³Ferre
1021 4150 1137 4213 edebat]
1154 4150 1189 4199 D.
1206 4150 1256 4209 Ε.;
1274 4165 1334 4198 con-

383 4219 483 4279 bus,C.
868 4218 932 4267 ferro
954 4220 1064 4281 valebat,
1086 4219 1120 4268 A.
1142 4220 1189 4278 L.;
1220 4220 1331 4270 conferre

418 4285 562 4337 ²Poteatioe
578 4289 646 4336 illius
664 4289 774 4338 contuitu
789 4303 843 4351 apu-
868 4289 995 4351 valebant,
1008 4291 1052 4349 S.;
1073 4290 1137 4338 serre
1149 4290 1276 4352 valebant,
1290 4291 1319 4340 0.
