3104 4974
377 501 444 568 398
588 515 701 565 cnsrn
725 516 852 564 nucuu
877 516 1092 565 nncuonuu,
1172 503 1258 584 [uin.
1276 518 1330 565 111.

378 672 538 754 quamvis
549 671 733 756 justiorem
749 689 891 735 causam
906 671 1034 736 habere
1044 672 1231 751 videretur,
1241 668 1329 738 ¹cum

378 791 427 840 eo
436 771 617 835 decernere
633 771 723 836 ferro
737 772 895 849 cavebat,
913 772 970 836 cui
986 780 1022 837 et
1035 791 1097 853 pro
1112 780 1329 838 sacramento

377 877 413 934 et
436 892 500 954 pro
521 871 686 953 suffragio
710 870 882 934 obnoxius
900 880 987 936 crat.
1040 871 1197 954 Reliquit
1214 880 1329 938 tamen

377 971 543 1053 primates
565 972 700 1053 aliquos
715 971 775 1052 qui
797 970 964 1052 impetum
982 971 1115 1052 regium
1130 972 1327 1052 tardarent3

377 1089 524 1152 quorum
562 1071 693 1136 astutia
719 1068 852 1134 insidiis
881 1079 1060 1154 exceptus
1089 1071 1326 1136 Isembardum

378 1166 520 1236 Pontivi
536 1171 696 1234 comitem
710 1187 826 1234 coram
852 1189 890 1235 se
911 1170 1123 1248 cbtnmcari,
1138 1170 1326 1254 Hugonem

378 1266 582 1334 Pardulfum
606 1269 696 1351 capi,
728 1268 851 1334 meritc
879 1269 1059 1351 ingemuit.
1112 1270 1188 1334 Nec
1217 1272 1326 1336 multo

376 1377 468 1451 post,
490 1389 532 1433 eo
557 1369 692 1434 dulcem
713 1367 908 1445 Franciam,
922 1369 1005 1451 quia
1021 1388 1077 1432 res
1101 1371 1192 1436 male
1217 1389 1325 1434 cesse-

376 1476 444 1545 rat,
466 1475 655 1550 repetente,
681 1486 795 1531 comes
818 1464 994 1544 Arcensis,
1017 1469 1107 1532 fame
1130 1470 1268 1534 tabidus
1291 1478 1326 1534 et

376 1567 438 1630 vix
455 1568 591 1632 ossibus
606 1567 751 1642 haerens,
766 1565 933 1634 deditioni
950 1569 1135 1645 consensit,
1151 1569 1195 1634 ad
1210 1589 1327 1633 exem-

377 1666 471 1748 plum
497 1668 702 1744 clementiae,
725 1664 769 1727 ad
791 1665 954 1730 indicium
978 1667 1171 1746 industriae,
1185 1669 1268 1732 vitae
1290 1676 1326 1733 et

375 1767 537 1830 membris
560 1773 769 1830 reservatus.
823 1763 981 1850 Hujusce
1003 1767 1192 1832 obsidionis
1218 1768 1324 1830 inter-

376 1865 469 1930 vallo
499 1867 648 1949 populus
684 1864 791 1930 castri
819 1866 913 1948 quod
946 1866 1157 1930 Molendinis
1188 1867 1325 1945 dicitur,

375 1967 589 2043 exolescere,
620 1966 665 2029 ad
694 1971 812 2049 partes
847 1965 939 2046 regis
971 1967 1147 2030 incentore
1175 1967 1326 2048 quodam

315 2086 320 2094 ·
376 2064 534 2131 Galterio
557 2066 706 2129 transiit.
759 2063 955 2146 Imponitur
975 2067 1024 2130 ibi
1047 2086 1116 2128 non
1131 2067 1248 2148 segnis
1264 2066 1326 2128 mi-

368 2165 475 2229 litum
505 2184 639 2243 manus,
669 2165 833 2248 praelecto
860 2163 1021 2228 Guidone
1051 2165 1158 2230 fratre
1188 2166 1333 2230 comitis-

376 2264 605 2330 Pictavensis.
659 2265 696 2328 Is
712 2265 899 2346 aliquantis
913 2265 1034 2328 diebus
1056 2265 1176 2330 sedulo
1192 2266 1324 2330 militine

375 2365 500 2428 munia·
515 2372 684 2428 executus
713 2372 789 2443 est3
822 2382 942 2428 verum
968 2365 1206 2429 crebrescente
1233 2365 1326 2429 fama

377 2461 541 2527 Arcensis
563 2464 731 2540 victoriae,
763 2464 945 2527 Franciam
976 2464 1127 2546 elapsus,
1154 2485 1224 2530 non
1249 2466 1326 2530 leve

376 2562 625 2628 incrementum
639 2563 784 2628 accessit
801 2562 931 2627 ducalis
949 2563 1081 2644 gloriae.

211 2679 270 2768 {¹132ss
267 2679 333 2769 {affine
341 2681 365 2719 of
428 2663 542 2746 §233
568 2663 644 2728 Nec
669 2683 732 2726 rex
757 2662 933 2728 Heuricus
961 2664 1033 2727 otio
1058 2662 1214 2741 indulsit,
1241 2665 1325 2746 quin

211 2742 335 2821 uranii:
376 2763 557 2842 grunniret
585 2763 759 2828 exercitus
802 2781 884 2826 suos
921 2761 1069 2826 ludibrio
1098 2762 1204 2826 fuisse
1235 2762 1326 2826 Wil-

376 2861 499 2941 lelmo;
521 2863 652 2926 coactis
674 2864 793 2944 itaque
818 2861 977 2926 omnibus
1000 2863 1142 2938 viribus
1165 2870 1201 2926 et
1215 2862 1324 2944 copiis

375 2960 561 3043 bipartitis,
587 2968 698 3025 totam
728 2961 910 3026 inundavit
940 2960 1215 3026 Normauniam:
1250 2962 1325 3043 ipse

374 3058 418 3122 de
439 3067 538 3143 parte
555 3053 701 3124 ²Galliae
720 3059 874 3135 Celticae,
899 3079 977 3142 quae
1001 3061 1093 3126 iuter
1110 3059 1325 3125 Garumnam

374 3169 410 3222 et
425 3158 620 3242 Sequanam
637 3160 762 3224 fluvios
772 3161 881 3243 jacet,
896 3159 1059 3242 quicquid
1077 3161 1226 3223 militum
1249 3167 1325 3224 erat

373 3277 437 3322 suo
452 3260 558 3324 ductu
575 3259 734 3340 trahens;
749 3254 920 3324 ³Odonem
931 3260 1074 3322 fratrem
1087 3260 1215 3343 populo
1224 3253 1334 3324 *Gau

407 3433 415 3464 ¹
427 3439 489 3484 Cum
506 3451 532 3484 eo
547 3438 671 3486 macram
683 3437 754 3496 ferro
767 3451 834 3486 cuve-
895 3433 906 3464 ⁴
920 3433 1011 3482 Gallie
1023 3434 1155 3499 Belgica]
1169 3436 1324 3496 Pomponius

373 3505 436 3569 bat]
455 3507 530 3567 Upon
539 3506 611 3555 these
622 3507 706 3555 words
722 3506 765 3555 the
780 3507 835 3554 edi·
860 3504 932 3552 Mela
943 3505 1040 3562 writes,
1050 3504 1085 3552 ‘A
1093 3504 1225 3554 Garumna
1236 3505 1269 3554 ad
1281 3507 1325 3554 Se·

371 3578 423 3624 tors
444 3575 475 3624 οἱ
493 3575 535 3624 the
558 3576 621 3624 Rec.
639 3577 685 3624 des
706 3576 776 3624 Hist.
802 3576 835 3624 de
860 3588 970 3634 quanam
982 3574 1079 3636 Celtae,
1090 3574 1149 3622 inde
1161 3576 1195 3624 ad
1206 3575 1323 3624 Rhenum

370 3644 397 3693 la
414 3646 510 3695 France
532 3646 642 3708 remark,
664 3647 835 3707 ‘Priusquam
860 3643 984 3704 pertinere
997 3644 1117 3706 Belgas?
1128 3645 1174 3692 but
1189 3645 1276 3706 Pliny,
1292 3645 1324 3694 ‘a

370 3715 437 3762 euim
460 3716 578 3778 praelium
606 3720 749 3764 consereret
776 3730 834 3764 cum
860 3714 979 3774 Sequana
989 3714 1022 3761 ad
1035 3713 1171 3763 Scaldem!
1198 3715 1327 3776 Ptolemy,

371 3785 485 3835 Heurico
495 3800 565 3848 rege,
576 3786 684 3834 debebat
691 3786 835 3834 Willelmus
860 3783 978 3844 Orosius,
989 3782 1040 3830 and
1051 3783 1144 3844 others,
1155 3783 1270 3833 describe
1280 3783 1323 3832 the

368 3854 487 3917 homagio
495 3860 520 3904 et
527 3856 586 3904 fidei
593 3856 736 3904 renuntiare
747 3872 753 3903 ε
765 3857 834 3915 quod
859 3853 960 3901 bounds
970 3852 999 3901 ol'
1012 3853 1121 3914 Belgian
1133 3853 1203 3903 Gaul
1214 3854 1249 3902 ‘a
1264 3867 1324 3914 sep·

369 3926 471 3986 quidem
494 3926 548 3974 fieri
564 3929 663 3988 poterat
681 3926 713 3974 ob
735 3927 833 3987 regium
859 3924 990 3972 temtrione
1006 3938 1127 3971 occanum
1140 3923 1324 3983 Britannicum,

368 3996 549 4044 malefactum!
859 3994 891 4040 ab
913 3993 1008 4042 oriente
1028 3993 1120 4041 llnmeu
1141 3992 1266 4052 Rhenum,
1282 3993 1324 4041 vel

403 4086 539 4160 wallia]
554 4099 585 4147 c.
598 4098 632 4148 n.
645 4099 678 4148 n.
691 4098 758 4158 ura
770 4097 834 4148 aar·
859 4068 954 4180 ¹¹¹⁰¹¹ffi⁸
967 4063 1224 4180 aequaeuam,
1236 4064 1325 4180 ligi·

367 4169 445 4230 liciae'
456 4167 489 4218 Α·
502 4169 531 4218 S*
544 4169 598 4218 Μ’
858 4146 1325 4264 Ξῑήοιιξῗτονίῗιῗτὲῃαέίωῖοὲιίιῖἓεὶξ

402 4270 412 4300 ³
426 4270 666 4334 Odeuemfrutrem]
679 4271 727 4320 See
738 4285 764 4331 p.
776 4273 833 4334 317,
858 4275 891 4320 ab
903 4287 995 4320 occasu
1014 4273 1118 4320 fluvium
1138 4273 1280 4333 Sequanam
1298 4276 1324 4320 et

368 4342 425 4386 note
435 4336 453 4387 ⁴.
859 4341 971 4391 Galliam
986 4343 1200 4403 Lugdunensem?
