3148 4982
421 499 488 565 448
642 511 757 562 ensrn
781 510 908 561 aneon
932 504 1149 560 nunnonnn.
1216 495 1303 577 [mn.
1320 511 1376 560 111.

421 667 604 738 verentius¹
628 692 665 736 se
688 678 820 755 ageret,
845 676 991 752 cogente
1019 669 1142 734 ultima
1166 669 1375 732 necessitate

421 772 635 856 degradatus
662 779 727 836 est.
780 772 913 835 Ferunt
938 769 1079 853 quidam
1110 787 1186 832 esse
1210 787 1372 832 arcanam

423 873 650 956 depositionis
679 890 844 949 causam3
885 869 1081 945 Matildem,
1108 887 1213 951 quarn
1235 866 1375 933 Willel-

422 991 500 1036 mus
527 978 721 1054 acceperat,
747 970 942 1053 proximam
967 969 1033 1032 sibi
1060 967 1229 1050 sanguine
1256 967 1372 1031 fuisse.

424 1072 479 1150 Id,
498 1069 707 1135 Christianae
724 1069 804 1132 fidei
822 1069 908 1146 zelo,
924 1067 1136 1150 Malgerium
1152 1087 1221 1131 non
1239 1066 1374 1144 tulisse,

423 1179 463 1237 ut
485 1171 745 1252 consanguineo
771 1168 876 1232 cubili
906 1168 1123 1246 fruerentur3
1157 1165 1218 1230 sed
1243 1166 1281 1229 in
1314 1186 1376 1230 ne·

423 1278 540 1354 potem
564 1276 600 1333 et
615 1287 811 1351 comparem
834 1267 1200 1332 excommunicationis
1216 1266 1374 1350 jaculum

422 1371 625 1434 intentasse.
683 1368 742 1433 lta
773 1387 851 1432 cum
884 1369 946 1431 irae
980 1365 1210 1430 adolescentis
1240 1367 1375 1432 uxoriae

424 1469 574 1552 querelae
597 1467 1052 1548 accederent,¹exoogitatas
1074 1466 1274 1529 occasiones
1300 1466 1378 1548 qui·

423 1570 488 1633 bus
504 1575 706 1651 persecutor
721 1567 856 1650 peccati
873 1566 954 1630 sede
971 1566 1180 1648 pelleretur:
1203 1564 1263 1627 sed
1280 1572 1377 1647 post-

424 1669 564 1733 modum
581 1666 854 1750 provectioribus
871 1667 983 1743 anniS,
1001 1685 1065 1748 pro
1080 1664 1279 1748 expiatione
1300 1683 1376 1728 sce·

425 1769 519 1844 leris,
543 1767 641 1830 illum
664 1773 786 1830 sancto
812 1765 990 1848 Stephano
1012 1764 1175 1828 Cadomis
1202 1771 1377 1827 monaste-

425 1869 514 1932 rinm
538 1867 741 1942 aedificasse,
760 1859 873 1929 ¹illam
890 1866 1001 1929 beatae
1018 1863 1185 1928 Trinitati
1200 1863 1237 1925 in
1254 1862 1375 1927 eodem

425 1968 503 2032 vico
516 1966 607 2029 idem
624 1965 745 2029 fecisse
758 1985 767 2044 ;
793 1971 942 2048 utroque
955 1984 1019 2047 pro
1031 1981 1118 2028 sexu
1130 1982 1194 2027 suo
1207 1980 1375 2046 personas

424 2066 693 2130 inhabitantium
708 2064 869 2146 eligente.

422 2203 429 2212 .
478 2164 589 2250 §268.
617 2164 790 2246 Malgerio
811 2164 980 2228 successit
1008 2161 1206 2240 MauriliuS,
1234 2162 1378 2225 Fiscan-

426 2266 543 2329 nensis
567 2264 769 2342 monachus,
791 2264 910 2328 multis
925 2262 1114 2328 virtutibus
1139 2261 1200 2326 sed
1222 2263 1375 2326 maxime

426 2365 638 2429 abstinentia
666 2364 840 2428 laudatus.
894 2363 931 2426 Is
962 2368 1043 2444 post
1073 2361 1161 2424 bene
1193 2369 1229 2424 et
1254 2368 1375 2424 sancte

425 2472 540 2528 actam
556 2465 678 2541 vitam,
696 2483 774 2527 cum
789 2462 833 2526 ad
848 2470 1041 2527 extremum
1058 2460 1136 2523 Deo
1152 2468 1302 2525 vocante
1316 2480 1377 2524 ve-

426 2565 547 2640 nisset,
562 2563 661 2627 vitali
680 2563 839 2645 privatus
863 2555 992 2625 ²halitu
1017 2561 1124 2624 ferme
1150 2560 1292 2624 dimidia
1318 2560 1374 2624 die

316 2699 318 2704 ,
421 2663 536 2747 jacuit
563 2663 765 2742 defunctus;
799 2669 1038 2738 veruntamen,
1066 2680 1143 2724 cum
1165 2660 1240 2744 jam
1274 2672 1377 2743 para·

296 2769 297 2774 ’
379 2817 381 2821 .
426 2769 523 2826 retur
552 2763 588 2825 in
620 2759 801 2826 ecclesiam
833 2761 926 2839 ferri,
959 2760 1074 2825 anima
1106 2766 1283 2841 resumpta
1313 2759 1379 2823 cir-

426 2869 640 2926 cumstantes
665 2861 905 2944 lachrymabili
931 2859 1058 2942 gaudio
1083 2858 1245 2942 perfudit.
1297 2858 1378 2922 Stu-

426 2968 548 3044 pentes
566 2961 631 3026 hoc
651 2980 808 3024 sermone
825 2960 1050 3024 corroborat:
1075 2957 1235 3023 ‘Attenti
1260 2959 1377 3021 animo

425 3068 550 3138 estote,
576 3061 698 3125 ultima
720 3061 872 3143 pastoris
892 3060 999 3124 vestri
1021 3058 1127 3123 verba
1153 3057 1378 3140 excipientes.
1471 3067 1474 3074 ’

427 3160 593 3225 Naturali
616 3167 727 3224 morte
749 3160 924 3232 resolutus
941 3158 1003 3234 fui,
1020 3156 1094 3235 sed,
1113 3164 1153 3221 ut
1167 3158 1267 3223 vobis
1292 3158 1377 3221 inti·

426 3280 556 3324 marem
580 3279 658 3343 quae
682 3260 766 3334 vidi,
794 3259 959 3322 reductus
985 3276 1083 3336 sum3
1109 3276 1172 3321 nec
1199 3257 1379 3339 aliquanto

426 3360 557 3423 diutius
581 3360 780 3435 subsistam,
798 3359 881 3441 quia
903 3359 939 3421 in
962 3357 1115 3420 Domino
1136 3357 1296 3439 soporari
1321 3356 1381 3419 de-

427 3458 545 3524 lectat.
597 3460 770 3522 Ductores
802 3457 947 3540 spiritus
975 3457 1042 3520 mei
1065 3456 1221 3520 vultibus
1246 3462 1282 3519 et
1303 3475 1379 3520 ves-

427 3559 521 3622 tibus
556 3558 600 3621 ad
628 3578 763 3622 omnem
801 3556 1010 3638 elegantiam
1043 3562 1143 3619 erant
1174 3555 1378 3637 compositi;

425 3658 659 3722 concordabat
682 3657 866 3722 verborum
896 3657 1024 3720 lenitas
1058 3675 1136 3718 cum
1164 3656 1277 3728 nitore
1303 3673 1381 3719 ves-

462 3882 471 3914 ¹
490 3885 565 3934 Illam
582 3885 657 3934 beuta
676 3883 818 3947 Trinitati]
836 3883 890 3932 The
915 3882 1041 3944 daughter
1052 3881 1159 3943 Oecilia,
1169 3880 1277 3930 devoted
1294 3880 1340 3930 her
1355 3886 1381 3930 to

425 3955 573 4004 conventos
587 3955 629 4003 the
647 3955 717 4014 Holy
727 3955 825 4015 Trinity
836 3967 891 4002 was
915 3953 957 4002 the
969 3953 1065 4002 service
1076 3951 1105 4000 of
1113 3951 1172 4002 God
1183 3952 1209 4000 in
1220 3951 1271 4000 this
1282 3966 1382 4000 monas·

427 4023 538 4074 founded
549 4027 583 4086 by
597 4025 708 4073 Matilda
717 4025 744 4072 in
757 4027 830 4085 loeo,
841 4023 890 4071 and
916 4028 980 4084 tery,
994 4023 1080 4072 where
1098 4022 1143 4071 she
1161 4023 1264 4071 became
1282 4021 1325 4070 the
1342 4035 1383 4071 se·

427 4095 461 4144 its
476 4095 571 4144 church
582 4094 716 4144 dedicated
734 4108 767 4142 on
777 4093 819 4142 the
833 4093 891 4141 leth
916 4094 981 4142 cond
993 4094 1093 4143 abbess.

426 4163 456 4212 oi
475 4165 544 4215 June
565 4165 593 4213 in
613 4164 669 4213 that
689 4179 760 4225 year.
811 4163 891 4212 Duke

427 4234 540 4283 William
555 4249 589 4283 on
607 4234 650 4282 the
669 4248 739 4282 same
757 4233 818 4294 day,
834 4247 892 4294 pre·
952 4228 1095 4295 ²Hazitu.]
1118 4231 1152 4283 A.
1177 4231 1207 4283 S.
1232 4232 1262 4281 C.
1283 4231 1316 4282 Ε.
1334 4233 1383 4293 L.;

426 4305 526 4367 senhng
549 4308 575 4353 at
597 4303 639 4354 the
662 4305 729 4356 altar
744 4303 785 4354 his
810 4303 892 4353 infant
916 4303 1041 4366 anhelitu,
1052 4303 1088 4352 D.
1369 4315 1370 4320 ¹
