3152 4970
235 519 374 600 maa]
464 537 578 585 casm
602 538 729 587 auouu
753 539 968 588 Aucuonuu.
1120 524 1186 588 635

234 710 434 754 communes
452 686 535 755 ¹loci
552 692 595 755 ad
611 693 801 774 quamlibet
816 700 950 774 partem
972 693 1103 755 inflecti
1120 712 1184 774 pro

234 789 397 853 facundia
413 785 591 868 ²oratoriS,
614 793 806 872 praesertim
830 812 907 855 cum
934 811 1004 855 non
1029 798 1182 855 contem·

234 895 339 952 natur
358 890 556 971 eloquentia
577 909 681 971 quam
705 892 857 973 pretiosa
882 892 1046 955 condiunt
1065 893 1182 954 xenia.

235 987 282 1050 Et
302 995 341 1051 ut
358 989 444 1052 nihil
462 989 646 1052 cumulatae
669 1009 805 1072 pompae
820 990 966 1067 deesset,
983 990 1184 1053 adolescen-

148 1095 150 1102 '
235 1087 327 1150 tulos
343 1088 524 1151 clarissimi
538 1089 686 1169 generis,
698 1089 787 1151 filios
802 1089 937 1152 comitis
945 1089 988 1152 de
1000 1088 1181 1166 Mellento,

234 1192 274 1249 ut
301 1193 423 1250 contra
455 1186 648 1250 cardinales
675 1187 717 1250 de
742 1188 924 1251 dialectiea
952 1189 1182 1269 disputarent,

235 1286 456 1349 subornavit:
474 1305 621 1367 quorum
631 1287 805 1350 tortilibus
820 1287 1090 1368 sophismatibus
1104 1306 1182 1350 eum

235 1377 440 1448 ³vivacitate
453 1386 626 1448 rationum
642 1385 764 1448 obsisti
780 1386 949 1468 nequiret,
964 1405 1034 1448 non
1057 1386 1182 1467 puduit

235 1483 426 1547 cardinales
449 1483 616 1560 confiteri,
637 1484 761 1567 majori
786 1484 948 1548 occiduas
970 1485 1094 1566 plagas
1118 1485 1180 1547 flo-

235 1601 310 1645 rere
323 1581 499 1646 literarum
516 1582 641 1664 peritia
652 1602 755 1664 quam
769 1584 837 1664 ipsi
854 1582 1032 1646 audissent
1045 1583 1101 1646 vel
1116 1603 1182 1665 pu·

234 1683 428 1744 tussentin
453 1683 579 1764 patria.
632 1680 759 1764 Itaque
784 1682 860 1746 haeo
881 1681 1065 1746 collocutio
1090 1681 1181 1745 huuc

236 1779 338 1842 finem
364 1782 520 1857 emeruit,
535 1788 574 1845 ut
597 1781 841 1863 pronunciaret
861 1781 1072 1862 apostolicus
1095 1781 1181 1844 nihil

236 1867 430 1960 Anglorum
454 1880 546 1961 regis
575 1899 683 1943 causa
709 1881 853 1964 justiuS,
883 1879 1066 1963 prudentia
1097 1881 1180 1944 emi-

236 1979 386 2056 nentius,
402 1979 564 2043 facundia
577 1979 729 2042 uberius

286 2076 395 2159 §402
419 2077 557 2142 Horum
579 2097 764 2161 puerorum
783 2085 884 2159 pater
902 2085 978 2142 erat
999 2097 1114 2142 comes
1137 2079 1180 2141 de
1192 2097 1321 2138 remanat

236 2175 404 2240 Mellento
434 2178 609 2241 Robertus
632 2176 690 2262 (ut
712 2173 816 2259 uxr),
840 2177 931 2240 filius
962 2176 1106 2258 nogeru
1137 2147 1295 2240 reddit.

241 2275 341 2339 Bello
356 2275 480 2340 Monte
495 2278 555 2358 qui
573 2275 766 2339 Pratellum
788 2276 982 2340 coenobium
1005 2275 1179 2338 Norman-
1191 2247 1295 2286 ”⁰¹⁰⁰ss

235 2374 303 2437 niae
332 2377 546 2439 construxit:
581 2375 683 2439 homo
709 2375 863 2456 autiquae
885 2373 1117 2455 simplicitatis
1144 2383 1180 2439 et

235 2473 327 2550 fidei,
345 2475 416 2555 qui,
439 2476 559 2539 crebro
579 2474 791 2538 aWillelmo
814 2474 924 2554 primo
949 2473 1117 2537 invitatus
1140 2481 1180 2536 ut

235 2569 400 2653 Angliam
424 2575 570 2650 veniret,
593 2573 700 2655 largis
727 2572 771 2635 ad
799 2573 1013 2636 voluntatem
1041 2591 1178 2654 posses-

234 2671 389 2735 sionibus
414 2673 660 2749 munerandus,
689 2671 906 2753 supersedit3
932 2671 1178 2752 pronuncians,

233 2777 371 2852 patrum
386 2790 526 2835 suorum
548 2770 786 2835 haereditatem
803 2789 841 2833 se
858 2769 947 2834 velle
962 2768 1091 2845 fovere,
1109 2790 1179 2833 non

234 2871 482 2934 transmarinas
508 2877 543 2934 et
572 2870 744 2934 indebitas
770 2870 1006 2950 possessiones
1029 2869 1085 2932 vel
1116 2887 1178 2950 ap-

232 2973 350 3048 petere
381 2970 438 3032 vel
467 2967 640 3033 invadere.
694 2967 766 3031 Hic
796 2967 883 3031 duos
911 2967 1000 3031 filios
1034 2968 1176 3046 habuit;

234 3065 427 3130 Robertum
444 3067 562 3142 istum,
577 3073 612 3129 et
628 3064 832 3128 Henricum.
873 3063 1048 3128 Henricus
1062 3084 1178 3128 comes

233 3163 494 3240 Warwicensis,
511 3164 623 3226 dulcis
638 3170 672 3226 et
690 3163 798 3243 quieti
821 3163 926 3224 animi
943 3163 1008 3239 vir,
1024 3182 1178 3244 congruo

234 3264 307 3326 suis
322 3264 475 3325 moribus
492 3260 608 3324 studio
622 3261 730 3324 vitam
746 3259 820 3340 egit
835 3265 872 3322 et
885 3260 1022 3323 clausit.
1064 3258 1178 3338 Alter,

234 3358 383 3424 astutior
397 3354 631 3442 et⁴pronioris
648 3358 691 3421 ad
705 3358 893 3422 versutiam
910 3356 1035 3436 cordis,
1051 3369 1179 3439 praeter

232 3464 413 3541 paternam
436 3458 673 3522 haereditatem
687 3457 724 3520 in
741 3455 958 3520 Normannia
974 3465 1009 3520 et
1025 3457 1180 3538 ingentia

231 3557 364 3638 praedia
386 3559 423 3620 in
446 3557 588 3639 Anglia,
619 3554 812 3632 castellum,
840 3555 933 3637 quod
957 3556 1077 3619 matris
1105 3575 1178 3620 suae

232 3654 341 3720 frater
358 3655 466 3738 Hugo
491 3656 583 3720 filius
599 3654 813 3720 Gualeranni
837 3660 1008 3731 tenuerat,
1031 3654 1179 3718 Mellen-

233 3760 308 3817 tum
329 3756 479 3832 nomine,
494 3775 516 3818 a
536 3774 619 3836 rege
640 3754 799 3817 Franciae
821 3753 1031 3817 nundinatus
1052 3761 1105 3817 est
1120 3773 1180 3835 pe·
1264 3796 1266 3802 ·

231 3853 344 3916 cunia.
397 3853 468 3931 Qui
499 3873 578 3917 curn
611 3853 828 3937 superiorum
858 3871 979 3933 regum
1016 3859 1181 3932 tempore,

266 4081 275 4113 ¹
286 4087 368 4151 loct]
379 4087 413 4138 A.
427 4089 457 4142 c.
469 4088 505 4138 D.
517 4088 549 4138 E.
563 4086 611 4148 1..;
622 4088 694 4136 ornit-
755 4083 765 4112 ³
780 4084 938 4147 vivacitate]
965 4086 995 4134 C.
1013 4085 1049 4133 D.
1070 4083 1120 4144 Ε.;
1137 4099 1183 4145 pro

230 4155 274 4202 ted
284 4157 310 4203 in
323 4157 352 4205 S.
719 4155 864 4214 vivacitate,
874 4153 908 4203 A.
921 4154 950 4203 S.
962 4154 993 4202 L.

266 4221 425 4289 marma]
441 4225 475 4276 Δ.
491 4226 521 4274 G.
539 4225 574 4275 D.
592 4225 624 4274 E.
642 4226 673 4275 L.
686 4238 694 4287 ;
756 4219 766 4249 ⁴
777 4218 929 4289 Praetoria]
947 4222 980 4272 A.
995 4224 1024 4271 0.
1041 4223 1077 4271 D.
1090 4223 1122 4271 Ε.
1135 4222 1183 4282 1..;

231 4295 359 4357 orationis,
371 4294 400 4344 S.
720 4306 766 4353 pro
777 4293 897 4354 moribus,
908 4293 938 4342 S.
