<?xml version="1.0" encoding="UTF-8"?>
<!DOCTYPE html PUBLIC "-//W3C//DTD XHTML 1.0 Transitional//EN"
    "http://www.w3.org/TR/xhtml1/DTD/xhtml1-transitional.dtd">
<html xmlns="http://www.w3.org/1999/xhtml" xml:lang="en" lang="en">
 <head>
  <title>
</title>
<meta http-equiv="Content-Type" content="text/html;charset=utf-8" />
  <meta name='ocr-system' content='tesseract 3.04.00' />
  <meta name='ocr-capabilities' content='ocr_page ocr_carea ocr_par ocr_line ocrx_word'/>
</head>
<body>
  <div class='ocr_page' id='page_1' title='image "./willelmimalmesb00hardgoog_0068.png"; bbox 0 0 3104 4974; ppageno 0'>
   <div class='ocr_carea' id='block_1_1' title="bbox 369 499 1324 586">
    <p class='ocr_par' dir='ltr' id='par_1_1' title="bbox 369 499 1324 586">
     <span class='ocr_line' id='line_1_1' title="bbox 369 499 1324 586; baseline 0.002 -20"><span class='ocrx_word' id='word_1_1' title='bbox 369 499 436 566; x_wconf 74' lang='lat'>422</span> <span class='ocrx_word' id='word_1_2' title='bbox 585 515 699 564; x_wconf 75' lang='lat' dir='ltr'>onera</span> <span class='ocrx_word' id='word_1_3' title='bbox 723 515 850 566; x_wconf 77' lang='lat' dir='ltr'>neuun</span> <span class='ocrx_word' id='word_1_4' title='bbox 874 517 1090 568; x_wconf 72' lang='lat' dir='ltr'>suenorum</span> <span class='ocrx_word' id='word_1_5' title='bbox 1163 505 1249 586; x_wconf 79' lang='lat' dir='ltr'>[nm.</span> <span class='ocrx_word' id='word_1_6' title='bbox 1269 521 1324 568; x_wconf 82' lang='grc' dir='ltr'>ιιι.</span> 
     </span>
    </p>
   </div>
   <div class='ocr_carea' id='block_1_2' title="bbox 213 665 1326 2340">
    <p class='ocr_par' dir='ltr' id='par_1_2' title="bbox 370 665 1325 1347">
     <span class='ocr_line' id='line_1_2' title="bbox 370 665 1325 753; baseline 0.001 -22"><span class='ocrx_word' id='word_1_7' title='bbox 370 665 494 732; x_wconf 80' lang='lat' dir='ltr'>leviter</span> <span class='ocrx_word' id='word_1_8' title='bbox 508 666 657 748; x_wconf 79' lang='lat' dir='ltr'><strong>subegit,</strong></span> <span class='ocrx_word' id='word_1_9' title='bbox 671 665 790 733; x_wconf 88' lang='lat' dir='ltr'>divino</span> <span class='ocrx_word' id='word_1_10' title='bbox 806 667 938 732; x_wconf 90' lang='lat' dir='ltr'>scilicet</span> <span class='ocrx_word' id='word_1_11' title='bbox 953 668 1053 753; x_wconf 84' lang='lat' dir='ltr'>jutus</span> <span class='ocrx_word' id='word_1_12' title='bbox 1070 667 1215 747; x_wconf 83' lang='lat' dir='ltr'>auxilio,</span> <span class='ocrx_word' id='word_1_13' title='bbox 1232 667 1325 750; x_wconf 91' lang='lat' dir='ltr'>quod</span> 
     </span>
     <span class='ocr_line' id='line_1_3' title="bbox 373 767 1325 850; baseline 0.003 -21"><span class='ocrx_word' id='word_1_14' title='bbox 373 787 455 849; x_wconf 90' lang='lat' dir='ltr'>pars</span> <span class='ocrx_word' id='word_1_15' title='bbox 478 768 621 830; x_wconf 89' lang='lat' dir='ltr'>muralis</span> <span class='ocrx_word' id='word_1_16' title='bbox 636 767 728 831; x_wconf 90' lang='lat' dir='ltr'>ultro</span> <span class='ocrx_word' id='word_1_17' title='bbox 746 767 919 844; x_wconf 75' lang='lat' dir='ltr'>decidenS,</span> <span class='ocrx_word' id='word_1_18' title='bbox 936 770 1130 850; x_wconf 81' lang='lat' dir='ltr'>ingressum</span> <span class='ocrx_word' id='word_1_19' title='bbox 1152 768 1204 832; x_wconf 92' lang='lat' dir='ltr'>illi</span> <span class='ocrx_word' id='word_1_20' title='bbox 1226 775 1325 850; x_wconf 88' lang='lat' dir='ltr'>patc-</span> 
     </span>
     <span class='ocr_line' id='line_1_4' title="bbox 373 866 1325 950; baseline 0 -20"><span class='ocrx_word' id='word_1_21' title='bbox 373 866 513 931; x_wconf 81' lang='lat' dir='ltr'>feeerit:</span> <span class='ocrx_word' id='word_1_22' title='bbox 531 886 613 931; x_wconf 91' lang='lat' dir='ltr'>nam</span> <span class='ocrx_word' id='word_1_23' title='bbox 628 873 664 931; x_wconf 89' lang='lat' dir='ltr'>et</span> <span class='ocrx_word' id='word_1_24' title='bbox 678 867 754 950; x_wconf 88' lang='lat' dir='ltr'>ipse</span> <span class='ocrx_word' id='word_1_25' title='bbox 770 866 935 931; x_wconf 89' lang='lat' dir='ltr'>audacius</span> <span class='ocrx_word' id='word_1_26' title='bbox 952 887 1030 932; x_wconf 91' lang='lat' dir='ltr'>eam</span> <span class='ocrx_word' id='word_1_27' title='bbox 1044 868 1228 944; x_wconf 83' lang='lat' dir='ltr'><strong>assilierat,</strong></span> <span class='ocrx_word' id='word_1_28' title='bbox 1243 887 1325 950; x_wconf 91' lang='lat' dir='ltr'>pro·</span> 
     </span>
     <span class='ocr_line' id='line_1_5' title="bbox 373 966 1324 1032; baseline 0 -2"><span class='ocrx_word' id='word_1_29' title='bbox 373 972 507 1030; x_wconf 85' lang='lat' dir='ltr'>testans</span> <span class='ocrx_word' id='word_1_30' title='bbox 540 966 695 1031; x_wconf 91' lang='lat' dir='ltr'>homines</span> <span class='ocrx_word' id='word_1_31' title='bbox 727 966 955 1032; x_wconf 80' lang='lat' dir='ltr'>irreverentes</span> <span class='ocrx_word' id='word_1_32' title='bbox 987 967 1054 1032; x_wconf 90' lang='lat' dir='ltr'>Dei</span> <span class='ocrx_word' id='word_1_33' title='bbox 1086 966 1324 1031; x_wconf 82' lang='lat' dir='ltr'>destituendos</span> 
     </span>
     <span class='ocr_line' id='line_1_6' title="bbox 375 1065 1324 1149; baseline 0.002 -21"><span class='ocrx_word' id='word_1_34' title='bbox 375 1065 541 1146; x_wconf 86' lang='lat' dir='ltr'>suffragio</span> <span class='ocrx_word' id='word_1_35' title='bbox 555 1087 565 1145; x_wconf 83' lang='lat'>3</span> <span class='ocrx_word' id='word_1_36' title='bbox 588 1065 670 1147; x_wconf 92' lang='lat' dir='ltr'>quia</span> <span class='ocrx_word' id='word_1_37' title='bbox 684 1084 775 1129; x_wconf 90' lang='lat' dir='ltr'>unus</span> <span class='ocrx_word' id='word_1_38' title='bbox 792 1086 923 1143; x_wconf 90' lang='lat' dir='ltr'>eorum,</span> <span class='ocrx_word' id='word_1_39' title='bbox 938 1085 1044 1149; x_wconf 88' lang='lat' dir='ltr'>supra</span> <span class='ocrx_word' id='word_1_40' title='bbox 1060 1087 1196 1130; x_wconf 91' lang='lat' dir='ltr'>murum</span> <span class='ocrx_word' id='word_1_41' title='bbox 1213 1074 1324 1142; x_wconf 78' lang='lat' dir='ltr'>stane,</span> 
     </span>
     <span class='ocr_line' id='line_1_7' title="bbox 375 1164 1324 1248; baseline 0.002 -22"><span class='ocrx_word' id='word_1_42' title='bbox 375 1164 506 1228; x_wconf 88' lang='lat' dir='ltr'>nudato</span> <span class='ocrx_word' id='word_1_43' title='bbox 522 1165 664 1247; x_wconf 80' lang='lat' dir='ltr'>inguine</span> <span class='ocrx_word' id='word_1_44' title='bbox 679 1184 782 1229; x_wconf 87' lang='lat' dir='ltr'>auras</span> <span class='ocrx_word' id='word_1_45' title='bbox 803 1166 920 1229; x_wconf 88' lang='lat' dir='ltr'>sonitu</span> <span class='ocrx_word' id='word_1_46' title='bbox 940 1166 1112 1231; x_wconf 83' lang='lat' dir='ltr'>inferioris</span> <span class='ocrx_word' id='word_1_47' title='bbox 1126 1165 1237 1248; x_wconf 87' lang='lat' dir='ltr'>partis</span> <span class='ocrx_word' id='word_1_48' title='bbox 1252 1173 1324 1229; x_wconf 88' lang='lat' dir='ltr'>tur-</span> 
     </span>
     <span class='ocr_line' id='line_1_8' title="bbox 375 1264 1324 1347; baseline 0.004 -21"><span class='ocrx_word' id='word_1_49' title='bbox 375 1265 532 1342; x_wconf 84' lang='lat' dir='ltr'>baverat,</span> <span class='ocrx_word' id='word_1_50' title='bbox 551 1285 614 1347; x_wconf 89' lang='lat' dir='ltr'>pro</span> <span class='ocrx_word' id='word_1_51' title='bbox 633 1271 834 1347; x_wconf 89' lang='lat' dir='ltr'>contemptu</span> <span class='ocrx_word' id='word_1_52' title='bbox 846 1264 1008 1330; x_wconf 86' lang='lat' dir='ltr'>videlicet</span> <span class='ocrx_word' id='word_1_53' title='bbox 1030 1265 1324 1330; x_wconf 85' lang='lat' dir='ltr'>Normannorum.</span> 
     </span>
    </p>

    <p class='ocr_par' dir='ltr' id='par_1_3' title="bbox 213 1356 1326 2340">
     <span class='ocr_line' id='line_1_9' title="bbox 213 1356 1324 1448; baseline 0.009 -29"><span class='ocrx_word' id='word_1_54' title='bbox 213 1381 337 1448; x_wconf 59' lang='lat' dir='ltr'>nonore</span> <span class='ocrx_word' id='word_1_55' title='bbox 377 1356 601 1441; x_wconf 87' lang='lat' dir='ltr'>¹Eboracum,</span> <span class='ocrx_word' id='word_1_56' title='bbox 622 1363 761 1428; x_wconf 90' lang='lat' dir='ltr'>unicum</span> <span class='ocrx_word' id='word_1_57' title='bbox 784 1364 1010 1428; x_wconf 82' lang='lat' dir='ltr'>rebellionum</span> <span class='ocrx_word' id='word_1_58' title='bbox 1025 1364 1223 1446; x_wconf 76' lang='lat' dir='ltr'>suffugium,</span> <span class='ocrx_word' id='word_1_59' title='bbox 1240 1364 1324 1429; x_wconf 88' lang='lat' dir='ltr'>civi·</span> 
     </span>
     <span class='ocr_line' id='line_1_10' title="bbox 375 1462 1324 1544; baseline 0.001 -18"><span class='ocrx_word' id='word_1_60' title='bbox 375 1462 440 1526; x_wconf 88' lang='lat' dir='ltr'>bus</span> <span class='ocrx_word' id='word_1_61' title='bbox 457 1483 545 1544; x_wconf 88' lang='lat' dir='ltr'>pene</span> <span class='ocrx_word' id='word_1_62' title='bbox 561 1462 701 1540; x_wconf 87' lang='lat' dir='ltr'>delevit,</span> <span class='ocrx_word' id='word_1_63' title='bbox 718 1463 808 1526; x_wconf 84' lang='lat' dir='ltr'>fame</span> <span class='ocrx_word' id='word_1_64' title='bbox 823 1471 859 1527; x_wconf 89' lang='lat' dir='ltr'>et</span> <span class='ocrx_word' id='word_1_65' title='bbox 874 1463 964 1527; x_wconf 83' lang='lat' dir='ltr'>ferro</span> <span class='ocrx_word' id='word_1_66' title='bbox 987 1465 1140 1529; x_wconf 87' lang='lat' dir='ltr'>necatis:</span> <span class='ocrx_word' id='word_1_67' title='bbox 1163 1463 1211 1528; x_wconf 94' lang='lat' dir='ltr'>ibi</span> <span class='ocrx_word' id='word_1_68' title='bbox 1234 1464 1324 1527; x_wconf 89' lang='lat' dir='ltr'>enim</span> 
     </span>
     <span class='ocr_line' id='line_1_11' title="bbox 375 1562 1324 1644; baseline 0.001 -19"><span class='ocrx_word' id='word_1_69' title='bbox 375 1581 438 1625; x_wconf 84' lang='lat' dir='ltr'>rex</span> <span class='ocrx_word' id='word_1_70' title='bbox 461 1562 643 1627; x_wconf 87' lang='lat' dir='ltr'>Scotorum</span> <span class='ocrx_word' id='word_1_71' title='bbox 665 1562 872 1627; x_wconf 80' lang='lat' dir='ltr'>M&#39;elcolmus</span> <span class='ocrx_word' id='word_1_72' title='bbox 898 1582 977 1626; x_wconf 88' lang='lat' dir='ltr'>oum</span> <span class='ocrx_word' id='word_1_73' title='bbox 999 1564 1084 1642; x_wconf 90' lang='lat' dir='ltr'>suis,</span> <span class='ocrx_word' id='word_1_74' title='bbox 1100 1563 1149 1627; x_wconf 92' lang='lat' dir='ltr'>ibi</span> <span class='ocrx_word' id='word_1_75' title='bbox 1164 1563 1324 1644; x_wconf 84' lang='lat' dir='ltr'>Edgarus</span> 
     </span>
     <span class='ocr_line' id='line_1_12' title="bbox 375 1661 1323 1746; baseline 0.003 -22"><span class='ocrx_word' id='word_1_76' title='bbox 375 1667 411 1725; x_wconf 89' lang='lat' dir='ltr'>et</span> <span class='ocrx_word' id='word_1_77' title='bbox 426 1661 643 1725; x_wconf 88' lang='lat' dir='ltr'>Marcherius</span> <span class='ocrx_word' id='word_1_78' title='bbox 670 1669 705 1726; x_wconf 90' lang='lat' dir='ltr'>et</span> <span class='ocrx_word' id='word_1_79' title='bbox 721 1662 922 1727; x_wconf 85' lang='lat' dir='ltr'>Weldeofus</span> <span class='ocrx_word' id='word_1_80' title='bbox 945 1683 1023 1726; x_wconf 91' lang='lat' dir='ltr'>cum</span> <span class='ocrx_word' id='word_1_81' title='bbox 1040 1662 1165 1746; x_wconf 84' lang='lat' dir='ltr'>Anglis</span> <span class='ocrx_word' id='word_1_82' title='bbox 1192 1669 1227 1726; x_wconf 89' lang='lat' dir='ltr'>et</span> <span class='ocrx_word' id='word_1_83' title='bbox 1250 1662 1323 1727; x_wconf 88' lang='lat' dir='ltr'>Da·</span> 
     </span>
     <span class='ocr_line' id='line_1_13' title="bbox 374 1760 1325 1845; baseline 0.003 -22"><span class='ocrx_word' id='word_1_84' title='bbox 374 1761 442 1837; x_wconf 76' lang='lat' dir='ltr'>nia,</span> <span class='ocrx_word' id='word_1_85' title='bbox 456 1760 574 1824; x_wconf 88' lang='lat' dir='ltr'>nidum</span> <span class='ocrx_word' id='word_1_86' title='bbox 589 1761 785 1844; x_wconf 82' lang='lat' dir='ltr'>tyrannidis</span> <span class='ocrx_word' id='word_1_87' title='bbox 801 1780 894 1845; x_wconf 86' lang='lat' dir='ltr'>saepe</span> <span class='ocrx_word' id='word_1_88' title='bbox 909 1762 1094 1842; x_wconf 85' lang='lat' dir='ltr'>fovebant;</span> <span class='ocrx_word' id='word_1_89' title='bbox 1112 1783 1205 1844; x_wconf 84' lang='lat' dir='ltr'>saepe</span> <span class='ocrx_word' id='word_1_90' title='bbox 1220 1761 1325 1826; x_wconf 88' lang='lat' dir='ltr'>duces</span> 
     </span>
     <span class='ocr_line' id='line_1_14' title="bbox 374 1844 1324 1943; baseline 0.001 -20"><span class='ocrx_word' id='word_1_91' title='bbox 374 1859 468 1923; x_wconf 90' lang='lat' dir='ltr'>illius</span> <span class='ocrx_word' id='word_1_92' title='bbox 502 1861 733 1937; x_wconf 88' lang='lat' dir='ltr'>trucidabant,</span> <span class='ocrx_word' id='word_1_93' title='bbox 762 1879 908 1943; x_wconf 87' lang='lat' dir='ltr'>quorum</span> <span class='ocrx_word' id='word_1_94' title='bbox 939 1844 1117 1942; x_wconf 82' lang='lat' dir='ltr'>sigillatim</span> <span class='ocrx_word' id='word_1_95' title='bbox 1147 1861 1264 1928; x_wconf 84' lang='lat' dir='ltr'>exitus</span> <span class='ocrx_word' id='word_1_96' title='bbox 1294 1861 1324 1924; x_wconf 90' lang='lat' dir='ltr'>si</span> 
     </span>
     <span class='ocr_line' id='line_1_15' title="bbox 374 1960 1324 2045; baseline 0 -22"><span class='ocrx_word' id='word_1_97' title='bbox 374 1979 699 2038; x_wconf 78' lang='lat' dir='ltr'>commemoravero,</span> <span class='ocrx_word' id='word_1_98' title='bbox 713 1960 861 2025; x_wconf 88' lang='lat' dir='ltr'>fortasse</span> <span class='ocrx_word' id='word_1_99' title='bbox 883 1961 1077 2045; x_wconf 88' lang='lat' dir='ltr'>superfluus</span> <span class='ocrx_word' id='word_1_100' title='bbox 1099 1983 1170 2028; x_wconf 89' lang='lat' dir='ltr'>non</span> <span class='ocrx_word' id='word_1_101' title='bbox 1192 1977 1263 2038; x_wconf 91' lang='lat' dir='ltr'>ero,</span> <span class='ocrx_word' id='word_1_102' title='bbox 1282 1961 1324 2023; x_wconf 89' lang='lat' dir='ltr'>li-</span> 
     </span>
     <span class='ocr_line' id='line_1_16' title="bbox 375 2059 1325 2138; baseline 0.001 -16"><span class='ocrx_word' id='word_1_103' title='bbox 375 2065 431 2122; x_wconf 85' lang='lat' dir='ltr'>cet</span> <span class='ocrx_word' id='word_1_104' title='bbox 447 2059 578 2123; x_wconf 83' lang='lat' dir='ltr'>fastidii</span> <span class='ocrx_word' id='word_1_105' title='bbox 600 2060 783 2124; x_wconf 83' lang='lat' dir='ltr'>discrimen</span> <span class='ocrx_word' id='word_1_106' title='bbox 805 2060 994 2138; x_wconf 86' lang='lat' dir='ltr'>immineat,</span> <span class='ocrx_word' id='word_1_107' title='bbox 1011 2061 1092 2124; x_wconf 88' lang='lat' dir='ltr'>dum</span> <span class='ocrx_word' id='word_1_108' title='bbox 1114 2060 1268 2136; x_wconf 82' lang='lat' dir='ltr'>relatori,</span> <span class='ocrx_word' id='word_1_109' title='bbox 1294 2059 1325 2124; x_wconf 92' lang='lat' dir='ltr'>si</span> 
     </span>
     <span class='ocr_line' id='line_1_17' title="bbox 375 2157 1326 2240; baseline 0.003 -19"><span class='ocrx_word' id='word_1_110' title='bbox 375 2157 463 2222; x_wconf 86' lang='lat' dir='ltr'>sorte</span> <span class='ocrx_word' id='word_1_111' title='bbox 479 2159 667 2223; x_wconf 89' lang='lat' dir='ltr'>secundum</span> <span class='ocrx_word' id='word_1_112' title='bbox 684 2160 834 2224; x_wconf 87' lang='lat' dir='ltr'>dictores</span> <span class='ocrx_word' id='word_1_113' title='bbox 856 2179 939 2224; x_wconf 87' lang='lat' dir='ltr'>suos</span> <span class='ocrx_word' id='word_1_114' title='bbox 965 2163 1163 2240; x_wconf 88' lang='lat' dir='ltr'>mentiatur,</span> <span class='ocrx_word' id='word_1_115' title='bbox 1178 2158 1326 2225; x_wconf 89' lang='lat' dir='ltr'>difficilis</span> 
     </span>
     <span class='ocr_line' id='line_1_18' title="bbox 374 2258 836 2340; baseline 0.006 -20"><span class='ocrx_word' id='word_1_116' title='bbox 374 2258 421 2321; x_wconf 91' lang='lat' dir='ltr'>sit</span> <span class='ocrx_word' id='word_1_117' title='bbox 435 2277 614 2340; x_wconf 84' lang='lat' dir='ltr'>regressus</span> <span class='ocrx_word' id='word_1_118' title='bbox 629 2259 673 2336; x_wconf 87' lang='lat' dir='ltr'>ad</span> <span class='ocrx_word' id='word_1_119' title='bbox 687 2258 836 2324; x_wconf 88' lang='lat' dir='ltr'>veniam.</span> 
     </span>
    </p>
   </div>
   <div class='ocr_carea' id='block_1_3' title="bbox 400 2445 1304 2596">
    <p class='ocr_par' dir='ltr' id='par_1_4' title="bbox 400 2445 1304 2596">
     <span class='ocr_line' id='line_1_19' title="bbox 400 2445 1304 2510; baseline 0.008 -19"><span class='ocrx_word' id='word_1_120' title='bbox 400 2445 574 2503; x_wconf 87' lang='lat' dir='ltr'>QUOMODO</span> <span class='ocrx_word' id='word_1_121' title='bbox 598 2446 793 2494; x_wconf 82' lang='lat' dir='ltr'>EBORAOUM</span> <span class='ocrx_word' id='word_1_122' title='bbox 818 2447 983 2510; x_wconf 80' lang='lat' dir='ltr'>OEPERI&#39;P,</span> <span class='ocrx_word' id='word_1_123' title='bbox 1006 2449 1050 2495; x_wconf 84' lang='grc' dir='ltr'>ΕΤ</span> <span class='ocrx_word' id='word_1_124' title='bbox 1072 2449 1194 2497; x_wconf 82' lang='grc' dir='ltr'><strong>ΤΟΤΑΜ</strong></span> <span class='ocrx_word' id='word_1_125' title='bbox 1218 2451 1304 2498; x_wconf 88' lang='lat' dir='ltr'>PRO·</span> 
     </span>
     <span class='ocr_line' id='line_1_20' title="bbox 642 2544 1058 2596; baseline 0.01 -5"><span class='ocrx_word' id='word_1_126' title='bbox 642 2544 795 2592; x_wconf 81' lang='lat' dir='ltr'><strong>VINCIAM</strong></span> <span class='ocrx_word' id='word_1_127' title='bbox 819 2547 1058 2596; x_wconf 74' lang='lat' dir='ltr'><strong>VAS&#39;I&#39;AVERIT.</strong></span> 
     </span>
    </p>
   </div>
   <div class='ocr_carea' id='block_1_4' title="bbox 211 2650 1324 2738">
    <p class='ocr_par' dir='ltr' id='par_1_5' title="bbox 211 2650 1324 2738">
     <span class='ocr_line' id='line_1_21' title="bbox 211 2650 1324 2738; baseline 0.006 -27"><span class='ocrx_word' id='word_1_128' title='bbox 211 2664 363 2704; x_wconf 67' lang='lat' dir='ltr'>menaehem</span> <span class='ocrx_word' id='word_1_129' title='bbox 428 2650 544 2733; x_wconf 69' lang='lat'><strong>5249.</strong></span> <span class='ocrx_word' id='word_1_130' title='bbox 569 2651 776 2716; x_wconf 88' lang='lat' dir='ltr'>Malcolmus</span> <span class='ocrx_word' id='word_1_131' title='bbox 798 2673 917 2719; x_wconf 89' lang='lat' dir='ltr'>omnes</span> <span class='ocrx_word' id='word_1_132' title='bbox 941 2654 1135 2738; x_wconf 85' lang='lat' dir='ltr'>Anglorum</span> <span class='ocrx_word' id='word_1_133' title='bbox 1160 2655 1324 2738; x_wconf 84' lang='lat' dir='ltr'>perfugas</span> 
     </span>
    </p>
   </div>
   <div class='ocr_carea' id='block_1_5' title="bbox 213 2715 324 2764">
    <p class='ocr_par' dir='ltr' id='par_1_6' title="bbox 213 2715 324 2764">
     <span class='ocr_line' id='line_1_22' title="bbox 213 2715 324 2764; baseline 0.018 -12"><span class='ocrx_word' id='word_1_134' title='bbox 213 2715 324 2764; x_wconf 76' lang='lat' dir='ltr'>provinces</span> 
     </span>
    </p>
   </div>
   <div class='ocr_carea' id='block_1_6' title="bbox 213 2749 1325 2839">
    <p class='ocr_par' dir='ltr' id='par_1_7' title="bbox 213 2749 1325 2839">
     <span class='ocr_line' id='line_1_23' title="bbox 213 2749 1325 2839; baseline 0.008 -30"><span class='ocrx_word' id='word_1_135' title='bbox 213 2765 337 2804; x_wconf 73' lang='lat' dir='ltr'>merme-</span> <span class='ocrx_word' id='word_1_136' title='bbox 375 2749 522 2814; x_wconf 88' lang='lat' dir='ltr'>libenter</span> <span class='ocrx_word' id='word_1_137' title='bbox 538 2752 738 2834; x_wconf 89' lang='lat' dir='ltr'>recipiebat,</span> <span class='ocrx_word' id='word_1_138' title='bbox 750 2761 983 2819; x_wconf 83' lang='lat' dir='ltr'>tutamentum</span> <span class='ocrx_word' id='word_1_139' title='bbox 996 2756 1143 2838; x_wconf 79' lang='lat' dir='ltr'>singulis</span> <span class='ocrx_word' id='word_1_140' title='bbox 1158 2764 1325 2839; x_wconf 91' lang='lat' dir='ltr'>quantum</span> 
     </span>
    </p>
   </div>
   <div class='ocr_carea' id='block_1_7' title="bbox 374 2850 1325 2939">
    <p class='ocr_par' dir='ltr' id='par_1_8' title="bbox 374 2850 1325 2939">
     <span class='ocr_line' id='line_1_24' title="bbox 374 2850 1325 2939; baseline 0.007 -27"><span class='ocrx_word' id='word_1_141' title='bbox 374 2856 513 2932; x_wconf 88' lang='lat' dir='ltr'>poterat</span> <span class='ocrx_word' id='word_1_142' title='bbox 543 2850 767 2934; x_wconf 83' lang='lat' dir='ltr'>impendens3</span> <span class='ocrx_word' id='word_1_143' title='bbox 805 2853 981 2936; x_wconf 80' lang='lat' dir='ltr'>Edgarum</span> <span class='ocrx_word' id='word_1_144' title='bbox 1009 2857 1194 2938; x_wconf 75' lang='lat' dir='ltr'>praecipue,</span> <span class='ocrx_word' id='word_1_145' title='bbox 1224 2855 1325 2939; x_wconf 86' lang='lat' dir='ltr'>cujus</span> 
     </span>
    </p>
   </div>
   <div class='ocr_carea' id='block_1_8' title="bbox 368 3099 1360 4349">
    <p class='ocr_par' dir='ltr' id='par_1_9' title="bbox 368 3099 1360 4001">
     <span class='ocr_line' id='line_1_25' title="bbox 375 3099 1323 3166; baseline 0.003 -18"><span class='ocrx_word' id='word_1_146' title='bbox 375 3100 420 3163; x_wconf 78' lang='lat' dir='ltr'>ing</span> <span class='ocrx_word' id='word_1_147' title='bbox 442 3099 538 3160; x_wconf 63' lang='lat' dir='ltr'>Orsord</span> <span class='ocrx_word' id='word_1_148' title='bbox 559 3115 589 3150; x_wconf 87' lang='lat' dir='ltr'>as</span> <span class='ocrx_word' id='word_1_149' title='bbox 614 3100 759 3165; x_wconf 71' lang='lat' dir='ltr'>conuining</span> <span class='ocrx_word' id='word_1_150' title='bbox 778 3101 840 3161; x_wconf 84' lang='lat' dir='ltr'>soro·</span> <span class='ocrx_word' id='word_1_151' title='bbox 864 3117 941 3152; x_wconf 87' lang='lat' dir='ltr'>auras</span> <span class='ocrx_word' id='word_1_152' title='bbox 962 3103 1084 3166; x_wconf 81' lang='lat' dir='ltr'>turbavit,</span> <span class='ocrx_word' id='word_1_153' title='bbox 1103 3102 1130 3150; x_wconf 91' lang='lat' dir='ltr'>in</span> <span class='ocrx_word' id='word_1_154' title='bbox 1154 3105 1323 3164; x_wconf 86' lang='lat' dir='ltr'>contemptum</span> 
     </span>
     <span class='ocr_line' id='line_1_26' title="bbox 376 3169 1324 3236; baseline 0.005 -20"><span class='ocrx_word' id='word_1_155' title='bbox 376 3169 485 3219; x_wconf 77' lang='lat' dir='ltr'>hundred</span> <span class='ocrx_word' id='word_1_156' title='bbox 501 3172 550 3219; x_wconf 82' lang='lat' dir='ltr'>uod</span> <span class='ocrx_word' id='word_1_157' title='bbox 564 3171 741 3236; x_wconf 61' lang='lat' dir='ltr'>secroto-eight</span> <span class='ocrx_word' id='word_1_158' title='bbox 756 3172 840 3221; x_wconf 70' lang='lat' dir='ltr'>homes</span> <span class='ocrx_word' id='word_1_159' title='bbox 863 3173 983 3222; x_wconf 86' lang='lat' dir='ltr'>videlicet</span> <span class='ocrx_word' id='word_1_160' title='bbox 1010 3173 1234 3232; x_wconf 81' lang='lat' dir='ltr'>Normannorum3</span> <span class='ocrx_word' id='word_1_161' title='bbox 1256 3173 1324 3221; x_wconf 88' lang='lat' dir='ltr'>unde</span> 
     </span>
     <span class='ocr_line' id='line_1_27' title="bbox 375 3239 1324 3306; baseline 0.003 -19"><span class='ocrx_word' id='word_1_162' title='bbox 375 3239 564 3290; x_wconf 67' lang='lat' dir='ltr'>ubiubroereso</span> <span class='ocrx_word' id='word_1_163' title='bbox 579 3242 699 3291; x_wconf 69' lang='lat' dir='ltr'>deromed</span> <span class='ocrx_word' id='word_1_164' title='bbox 714 3242 768 3290; x_wconf 79' lang='lat' dir='ltr'>tlut</span> <span class='ocrx_word' id='word_1_165' title='bbox 784 3242 839 3306; x_wconf 77' lang='lat' dir='ltr'>they</span> <span class='ocrx_word' id='word_1_166' title='bbox 863 3241 1017 3291; x_wconf 85' lang='lat' dir='ltr'>Willielmus</span> <span class='ocrx_word' id='word_1_167' title='bbox 1044 3242 1156 3290; x_wconf 81' lang='lat' dir='ltr'>inirem</span> <span class='ocrx_word' id='word_1_168' title='bbox 1179 3255 1324 3304; x_wconf 83' lang='lat' dir='ltr'>conversus,</span> 
     </span>
     <span class='ocr_line' id='line_1_28' title="bbox 376 3311 1325 3375; baseline 0.003 -18"><span class='ocrx_word' id='word_1_169' title='bbox 376 3311 446 3358; x_wconf 81' lang='lat' dir='ltr'>could</span> <span class='ocrx_word' id='word_1_170' title='bbox 466 3315 509 3358; x_wconf 79' lang='lat' dir='ltr'>not</span> <span class='ocrx_word' id='word_1_171' title='bbox 527 3326 577 3375; x_wconf 79' lang='lat' dir='ltr'>pay</span> <span class='ocrx_word' id='word_1_172' title='bbox 596 3313 663 3373; x_wconf 76' lang='lat' dir='ltr'>gold,</span> <span class='ocrx_word' id='word_1_173' title='bbox 685 3312 726 3361; x_wconf 88' lang='lat' dir='ltr'>Sir</span> <span class='ocrx_word' id='word_1_174' title='bbox 749 3312 839 3373; x_wconf 81' lang='lat' dir='ltr'>Hem&#39;y</span> <span class='ocrx_word' id='word_1_175' title='bbox 863 3312 991 3361; x_wconf 87' lang='lat' dir='ltr'>civitatem</span> <span class='ocrx_word' id='word_1_176' title='bbox 1012 3312 1063 3360; x_wconf 86' lang='lat' dir='ltr'>levi</span> <span class='ocrx_word' id='word_1_177' title='bbox 1081 3312 1182 3373; x_wconf 83' lang='lat' dir='ltr'>negotio</span> <span class='ocrx_word' id='word_1_178' title='bbox 1204 3312 1325 3374; x_wconf 78' lang='lat' dir='ltr'>subjuga-</span> 
     </span>
     <span class='ocr_line' id='line_1_29' title="bbox 377 3379 1360 3447; baseline 0.004 -21"><span class='ocrx_word' id='word_1_179' title='bbox 377 3379 443 3428; x_wconf 89' lang='lat' dir='ltr'>Ellis</span> <span class='ocrx_word' id='word_1_180' title='bbox 459 3381 590 3430; x_wconf 79' lang='lat' dir='ltr'>remarks:</span> <span class='ocrx_word' id='word_1_181' title='bbox 614 3381 683 3430; x_wconf 86' lang='lat' dir='ltr'>‘The</span> <span class='ocrx_word' id='word_1_182' title='bbox 700 3382 840 3432; x_wconf 85' lang='lat' dir='ltr'>extraordi-</span> <span class='ocrx_word' id='word_1_183' title='bbox 862 3380 908 3431; x_wconf 85' lang='lat' dir='ltr'>vit.</span> <span class='ocrx_word' id='word_1_184' title='bbox 926 3380 1014 3447; x_wconf 86' lang='lat' dir='ltr'>(Matt.</span> <span class='ocrx_word' id='word_1_185' title='bbox 1030 3381 1092 3431; x_wconf 81' lang='lat' dir='ltr'>Par.</span> <span class='ocrx_word' id='word_1_186' title='bbox 1113 3380 1155 3431; x_wconf 88' lang='lat' dir='ltr'>ed.</span> <span class='ocrx_word' id='word_1_187' title='bbox 1167 3381 1260 3440; x_wconf 88' lang='lat' dir='ltr'>Watts,</span> <span class='ocrx_word' id='word_1_188' title='bbox 1275 3381 1323 3430; x_wconf 89' lang='lat' dir='ltr'>sub</span> <span class='ocrx_word' id='word_1_189' title='bbox 1355 3387 1360 3393; x_wconf 87' lang='lat'>&#39;</span> 
     </span>
     <span class='ocr_line' id='line_1_30' title="bbox 376 3447 1324 3513; baseline 0.004 -17"><span class='ocrx_word' id='word_1_190' title='bbox 376 3463 440 3509; x_wconf 86' lang='lat' dir='ltr'>nary</span> <span class='ocrx_word' id='word_1_191' title='bbox 450 3450 556 3499; x_wconf 88' lang='lat' dir='ltr'>number</span> <span class='ocrx_word' id='word_1_192' title='bbox 571 3450 600 3498; x_wconf 87' lang='lat' dir='ltr'>of</span> <span class='ocrx_word' id='word_1_193' title='bbox 611 3451 704 3500; x_wconf 86' lang='lat' dir='ltr'>houses</span> <span class='ocrx_word' id='word_1_194' title='bbox 719 3452 839 3512; x_wconf 80' lang='lat' dir='ltr'>specified</span> <span class='ocrx_word' id='word_1_195' title='bbox 863 3465 921 3500; x_wconf 86' lang='lat' dir='ltr'>ann.</span> <span class='ocrx_word' id='word_1_196' title='bbox 939 3455 1014 3513; x_wconf 83' lang='grc'><strong>1067,</strong></span> <span class='ocrx_word' id='word_1_197' title='bbox 1033 3467 1060 3512; x_wconf 92' lang='lat' dir='ltr'>p.</span> <span class='ocrx_word' id='word_1_198' title='bbox 1077 3447 1148 3513; x_wconf 78' lang='lat'><strong>4.)”’</strong></span> <span class='ocrx_word' id='word_1_199' title='bbox 1181 3450 1235 3498; x_wconf 81' lang='lat' dir='ltr'>The</span> <span class='ocrx_word' id='word_1_200' title='bbox 1254 3451 1324 3513; x_wconf 76' lang='lat' dir='ltr'>siege</span> 
     </span>
     <span class='ocr_line' id='line_1_31' title="bbox 376 3518 1325 3581; baseline 0.004 -16"><span class='ocrx_word' id='word_1_201' title='bbox 376 3531 406 3566; x_wconf 88' lang='lat' dir='ltr'>as</span> <span class='ocrx_word' id='word_1_202' title='bbox 424 3518 554 3568; x_wconf 84' lang='lat' dir='ltr'>desolated</span> <span class='ocrx_word' id='word_1_203' title='bbox 570 3525 597 3568; x_wconf 90' lang='lat' dir='ltr'>at</span> <span class='ocrx_word' id='word_1_204' title='bbox 611 3520 711 3569; x_wconf 81' lang='lat' dir='ltr'>Oxford</span> <span class='ocrx_word' id='word_1_205' title='bbox 725 3522 839 3581; x_wconf 81' lang='lat' dir='ltr'>requires</span> <span class='ocrx_word' id='word_1_206' title='bbox 863 3520 892 3568; x_wconf 85' lang='lat' dir='ltr'>of</span> <span class='ocrx_word' id='word_1_207' title='bbox 904 3521 999 3570; x_wconf 82' lang='lat' dir='ltr'>Exeter</span> <span class='ocrx_word' id='word_1_208' title='bbox 1014 3522 1041 3569; x_wconf 85' lang='lat' dir='ltr'>in</span> <span class='ocrx_word' id='word_1_209' title='bbox 1059 3524 1122 3569; x_wconf 83' lang='grc'><strong>1067</strong></span> <span class='ocrx_word' id='word_1_210' title='bbox 1139 3521 1162 3569; x_wconf 87' lang='lat' dir='ltr'>is</span> <span class='ocrx_word' id='word_1_211' title='bbox 1184 3519 1239 3568; x_wconf 85' lang='lat' dir='ltr'>also</span> <span class='ocrx_word' id='word_1_212' title='bbox 1255 3536 1325 3569; x_wconf 91' lang='lat' dir='ltr'>men·</span> 
     </span>
     <span class='ocr_line' id='line_1_32' title="bbox 377 3589 1324 3652; baseline 0.003 -17"><span class='ocrx_word' id='word_1_213' title='bbox 377 3589 547 3649; x_wconf 84' lang='lat' dir='ltr'>explanation.</span> <span class='ocrx_word' id='word_1_214' title='bbox 577 3589 606 3637; x_wconf 85' lang='lat' dir='ltr'>If</span> <span class='ocrx_word' id='word_1_215' title='bbox 623 3590 666 3638; x_wconf 85' lang='lat' dir='ltr'>the</span> <span class='ocrx_word' id='word_1_216' title='bbox 685 3603 793 3652; x_wconf 81' lang='lat' dir='ltr'>passage</span> <span class='ocrx_word' id='word_1_217' title='bbox 815 3591 839 3639; x_wconf 87' lang='lat' dir='ltr'>is</span> <span class='ocrx_word' id='word_1_218' title='bbox 862 3590 947 3639; x_wconf 90' lang='lat' dir='ltr'>tioned</span> <span class='ocrx_word' id='word_1_219' title='bbox 969 3591 1003 3652; x_wconf 89' lang='lat' dir='ltr'>by</span> <span class='ocrx_word' id='word_1_220' title='bbox 1025 3590 1126 3639; x_wconf 87' lang='lat' dir='ltr'>Simeon</span> <span class='ocrx_word' id='word_1_221' title='bbox 1150 3589 1179 3637; x_wconf 81' lang='lat' dir='ltr'>of</span> <span class='ocrx_word' id='word_1_222' title='bbox 1197 3589 1324 3652; x_wconf 89' lang='lat' dir='ltr'>Durham,</span> 
     </span>
     <span class='ocr_line' id='line_1_33' title="bbox 376 3659 1323 3723; baseline 0.002 -17"><span class='ocrx_word' id='word_1_223' title='bbox 376 3662 482 3719; x_wconf 86' lang='lat' dir='ltr'>correct,</span> <span class='ocrx_word' id='word_1_224' title='bbox 507 3659 632 3708; x_wconf 80' lang='lat' dir='ltr'>Matthe&#39;w</span> <span class='ocrx_word' id='word_1_225' title='bbox 655 3660 731 3708; x_wconf 86' lang='lat' dir='ltr'>Paris</span> <span class='ocrx_word' id='word_1_226' title='bbox 749 3660 833 3721; x_wconf 88' lang='lat' dir='ltr'>proba·</span> <span class='ocrx_word' id='word_1_227' title='bbox 863 3660 911 3710; x_wconf 87' lang='lat' dir='ltr'>ool.</span> <span class='ocrx_word' id='word_1_228' title='bbox 932 3664 979 3709; x_wconf 81' lang='grc'>197</span> <span class='ocrx_word' id='word_1_229' title='bbox 991 3674 1000 3720; x_wconf 83' lang='grc'><strong>;</strong></span> <span class='ocrx_word' id='word_1_230' title='bbox 1028 3659 1162 3720; x_wconf 86' lang='lat' dir='ltr'>Hoveden‚</span> <span class='ocrx_word' id='word_1_231' title='bbox 1185 3660 1234 3709; x_wconf 88' lang='lat' dir='ltr'>col.</span> <span class='ocrx_word' id='word_1_232' title='bbox 1257 3663 1323 3723; x_wconf 75' lang='lat'>2583</span> 
     </span>
     <span class='ocr_line' id='line_1_34' title="bbox 377 3727 1322 3792; baseline 0.001 -17"><span class='ocrx_word' id='word_1_233' title='bbox 377 3728 422 3789; x_wconf 81' lang='lat' dir='ltr'>bly</span> <span class='ocrx_word' id='word_1_234' title='bbox 432 3728 504 3791; x_wconf 77' lang='lat' dir='ltr'>gives</span> <span class='ocrx_word' id='word_1_235' title='bbox 519 3743 551 3778; x_wconf 85' lang='lat' dir='ltr'>us</span> <span class='ocrx_word' id='word_1_236' title='bbox 567 3729 610 3777; x_wconf 88' lang='lat' dir='ltr'>the</span> <span class='ocrx_word' id='word_1_237' title='bbox 625 3743 703 3778; x_wconf 88' lang='lat' dir='ltr'>cause</span> <span class='ocrx_word' id='word_1_238' title='bbox 714 3729 744 3778; x_wconf 82' lang='lat' dir='ltr'>oi</span> <span class='ocrx_word' id='word_1_239' title='bbox 750 3731 780 3791; x_wconf 88' lang='lat' dir='ltr'>it,</span> <span class='ocrx_word' id='word_1_240' title='bbox 790 3745 837 3778; x_wconf 90' lang='lat' dir='ltr'>un·</span> <span class='ocrx_word' id='word_1_241' title='bbox 863 3729 947 3790; x_wconf 76' lang='lat' dir='ltr'>aalph</span> <span class='ocrx_word' id='word_1_242' title='bbox 963 3729 995 3778; x_wconf 87' lang='lat' dir='ltr'>de</span> <span class='ocrx_word' id='word_1_243' title='bbox 1008 3729 1110 3792; x_wconf 86' lang='lat' dir='ltr'>Diceto,</span> <span class='ocrx_word' id='word_1_244' title='bbox 1121 3727 1170 3778; x_wconf 91' lang='lat' dir='ltr'>col.</span> <span class='ocrx_word' id='word_1_245' title='bbox 1180 3731 1246 3789; x_wconf 60' lang='lat' dir='ltr'>lom</span> <span class='ocrx_word' id='word_1_246' title='bbox 1264 3729 1322 3776; x_wconf 86' lang='lat' dir='ltr'>Flo·</span> 
     </span>
     <span class='ocr_line' id='line_1_35' title="bbox 377 3797 1322 3860; baseline 0.001 -15"><span class='ocrx_word' id='word_1_247' title='bbox 377 3797 423 3846; x_wconf 86' lang='lat' dir='ltr'>der</span> <span class='ocrx_word' id='word_1_248' title='bbox 444 3797 486 3846; x_wconf 85' lang='lat' dir='ltr'>the</span> <span class='ocrx_word' id='word_1_249' title='bbox 508 3813 570 3859; x_wconf 80' lang='lat' dir='ltr'>year</span> <span class='ocrx_word' id='word_1_250' title='bbox 589 3801 662 3860; x_wconf 85' lang='grc'><strong>1007,</strong></span> <span class='ocrx_word' id='word_1_251' title='bbox 680 3799 755 3848; x_wconf 88' lang='lat' dir='ltr'>when</span> <span class='ocrx_word' id='word_1_252' title='bbox 773 3799 838 3848; x_wconf 88' lang='lat' dir='ltr'>Wil·</span> <span class='ocrx_word' id='word_1_253' title='bbox 855 3798 1190 3860; x_wconf 83' lang='lat' dir='ltr'>&#39;renceofWorceste1·,fol.</span> <span class='ocrx_word' id='word_1_254' title='bbox 1206 3797 1322 3848; x_wconf 81' lang='lat' dir='ltr'>Francos.</span> 
     </span>
     <span class='ocr_line' id='line_1_36' title="bbox 375 3867 1324 3930; baseline 0.002 -14"><span class='ocrx_word' id='word_1_255' title='bbox 375 3867 437 3918; x_wconf 89' lang='lat' dir='ltr'>liam</span> <span class='ocrx_word' id='word_1_256' title='bbox 447 3867 490 3916; x_wconf 78' lang='lat' dir='ltr'>the</span> <span class='ocrx_word' id='word_1_257' title='bbox 501 3867 647 3928; x_wconf 86' lang='lat' dir='ltr'>Conqueror</span> <span class='ocrx_word' id='word_1_258' title='bbox 657 3869 774 3918; x_wconf 86' lang='lat' dir='ltr'>subdued</span> <span class='ocrx_word' id='word_1_259' title='bbox 784 3871 838 3919; x_wconf 78' lang='lat' dir='ltr'>Ox·</span> <span class='ocrx_word' id='word_1_260' title='bbox 862 3872 935 3925; x_wconf 85' lang='grc'><strong>1001,</strong></span> <span class='ocrx_word' id='word_1_261' title='bbox 951 3884 978 3930; x_wconf 91' lang='lat' dir='ltr'>p.</span> <span class='ocrx_word' id='word_1_262' title='bbox 989 3873 1037 3918; x_wconf 76' lang='lat'>635</span> <span class='ocrx_word' id='word_1_263' title='bbox 1049 3885 1057 3929; x_wconf 90' lang='lat'>;</span> <span class='ocrx_word' id='word_1_264' title='bbox 1072 3869 1122 3918; x_wconf 86' lang='lat' dir='ltr'>and</span> <span class='ocrx_word' id='word_1_265' title='bbox 1138 3868 1172 3930; x_wconf 82' lang='lat' dir='ltr'>by</span> <span class='ocrx_word' id='word_1_266' title='bbox 1184 3867 1324 3918; x_wconf 81' lang='lat' dir='ltr'>Ordericus</span> 
     </span>
     <span class='ocr_line' id='line_1_37' title="bbox 368 3936 1068 4001; baseline 0 -15"><span class='ocrx_word' id='word_1_267' title='bbox 368 3937 439 4001; x_wconf 82' lang='lat' dir='ltr'>sord,</span> <span class='ocrx_word' id='word_1_268' title='bbox 458 3937 484 3984; x_wconf 87' lang='lat' dir='ltr'>in</span> <span class='ocrx_word' id='word_1_269' title='bbox 495 3936 543 3998; x_wconf 73' lang='lat' dir='ltr'>‚his</span> <span class='ocrx_word' id='word_1_270' title='bbox 552 3953 612 4000; x_wconf 80' lang='lat' dir='ltr'>way</span> <span class='ocrx_word' id='word_1_271' title='bbox 622 3942 648 3987; x_wconf 88' lang='lat' dir='ltr'>to</span> <span class='ocrx_word' id='word_1_272' title='bbox 658 3939 745 3988; x_wconf 88' lang='lat' dir='ltr'>York:</span> <span class='ocrx_word' id='word_1_273' title='bbox 762 3939 837 3988; x_wconf 88' lang='lat' dir='ltr'>“Eo·</span> <span class='ocrx_word' id='word_1_274' title='bbox 860 3938 962 4001; x_wconf 83' lang='lat' dir='ltr'>Vitalis,</span> <span class='ocrx_word' id='word_1_275' title='bbox 972 3955 999 4000; x_wconf 89' lang='lat' dir='ltr'>p.</span> <span class='ocrx_word' id='word_1_276' title='bbox 1010 3942 1068 3987; x_wconf 83' lang='grc'><strong>510.</strong></span> 
     </span>
    </p>

    <p class='ocr_par' dir='ltr' id='par_1_10' title="bbox 375 4007 868 4068">
     <span class='ocr_line' id='line_1_38' title="bbox 375 4007 868 4068; baseline 0.002 -13"><span class='ocrx_word' id='word_1_277' title='bbox 375 4007 433 4056; x_wconf 87' lang='lat' dir='ltr'>dem</span> <span class='ocrx_word' id='word_1_278' title='bbox 444 4011 555 4068; x_wconf 85' lang='lat' dir='ltr'>tempore</span> <span class='ocrx_word' id='word_1_279' title='bbox 573 4007 781 4057; x_wconf 85' lang='lat' dir='ltr'>re1Willielmus</span> <span class='ocrx_word' id='word_1_280' title='bbox 791 4024 835 4057; x_wconf 89' lang='lat' dir='ltr'>ur·</span> <span class='ocrx_word' id='word_1_281' title='bbox 866 4051 868 4056; x_wconf 92' lang='lat'><em>.</em></span> 
     </span>
    </p>

    <p class='ocr_par' dir='ltr' id='par_1_11' title="bbox 373 4074 1321 4349">
     <span class='ocr_line' id='line_1_39' title="bbox 375 4074 1321 4140; baseline -0.003 -15"><span class='ocrx_word' id='word_1_282' title='bbox 375 4077 432 4125; x_wconf 87' lang='lat' dir='ltr'>bem</span> <span class='ocrx_word' id='word_1_283' title='bbox 443 4076 836 4136; x_wconf 81' lang='lat' dir='ltr'>Oxcniamsibirebellemobsi·</span> <span class='ocrx_word' id='word_1_284' title='bbox 896 4074 903 4104; x_wconf 94' lang='lat'>¹</span> <span class='ocrx_word' id='word_1_285' title='bbox 924 4076 1081 4140; x_wconf 67' lang='lat' dir='ltr'>Eboracum]</span> <span class='ocrx_word' id='word_1_286' title='bbox 1099 4078 1149 4137; x_wconf 78' lang='lat' dir='ltr'>E.;</span> <span class='ocrx_word' id='word_1_287' title='bbox 1178 4077 1321 4126; x_wconf 82' lang='lat' dir='ltr'>Eboracum</span> 
     </span>
     <span class='ocr_line' id='line_1_40' title="bbox 374 4145 1321 4214; baseline -0.002 -20"><span class='ocrx_word' id='word_1_288' title='bbox 374 4146 449 4195; x_wconf 86' lang='lat' dir='ltr'>dione</span> <span class='ocrx_word' id='word_1_289' title='bbox 457 4147 569 4197; x_wconf 82' lang='lat' dir='ltr'>vallavit.</span> <span class='ocrx_word' id='word_1_290' title='bbox 605 4147 687 4209; x_wconf 85' lang='lat' dir='ltr'>Super</span> <span class='ocrx_word' id='word_1_291' title='bbox 694 4150 836 4214; x_wconf 25' lang='lat' dir='ltr'>cujus-mu·</span> <span class='ocrx_word' id='word_1_292' title='bbox 860 4146 996 4209; x_wconf 82' lang='lat' dir='ltr'>civitatem,</span> <span class='ocrx_word' id='word_1_293' title='bbox 1015 4147 1050 4198; x_wconf 81' lang='lat' dir='ltr'>A.</span> <span class='ocrx_word' id='word_1_294' title='bbox 1063 4147 1092 4196; x_wconf 82' lang='lat' dir='ltr'>S.</span> <span class='ocrx_word' id='word_1_295' title='bbox 1106 4147 1183 4197; x_wconf 71' lang='grc'><strong>(1.1).</strong></span> <span class='ocrx_word' id='word_1_296' title='bbox 1200 4145 1321 4195; x_wconf 80' lang='lat' dir='ltr'>L.—The</span> 
     </span>
     <span class='ocr_line' id='line_1_41' title="bbox 373 4209 1321 4278; baseline -0.001 -15"><span class='ocrx_word' id='word_1_297' title='bbox 373 4229 429 4264; x_wconf 88' lang='lat' dir='ltr'>rum</span> <span class='ocrx_word' id='word_1_298' title='bbox 452 4217 565 4278; x_wconf 88' lang='lat' dir='ltr'>quidam,</span> <span class='ocrx_word' id='word_1_299' title='bbox 586 4209 773 4268; x_wconf 71' lang='lat' dir='ltr'>stansnudato</span> <span class='ocrx_word' id='word_1_300' title='bbox 795 4218 835 4266; x_wconf 89' lang='lat' dir='ltr'>in·</span> <span class='ocrx_word' id='word_1_301' title='bbox 859 4217 1014 4266; x_wconf 83' lang='lat' dir='ltr'>destruction</span> <span class='ocrx_word' id='word_1_302' title='bbox 1032 4217 1062 4268; x_wconf 82' lang='lat' dir='ltr'>oi</span> <span class='ocrx_word' id='word_1_303' title='bbox 1076 4215 1147 4266; x_wconf 90' lang='lat' dir='ltr'>York</span> <span class='ocrx_word' id='word_1_304' title='bbox 1168 4217 1229 4266; x_wconf 89' lang='lat' dir='ltr'>took</span> <span class='ocrx_word' id='word_1_305' title='bbox 1248 4215 1321 4278; x_wconf 89' lang='lat' dir='ltr'>place</span> 
     </span>
     <span class='ocr_line' id='line_1_42' title="bbox 373 4286 970 4349; baseline 0.008 -15"><span class='ocrx_word' id='word_1_306' title='bbox 373 4286 460 4348; x_wconf 76' lang='lat' dir='ltr'>gulae,</span> <span class='ocrx_word' id='word_1_307' title='bbox 488 4286 571 4336; x_wconf 87' lang='lat' dir='ltr'>sonitu</span> <span class='ocrx_word' id='word_1_308' title='bbox 599 4288 679 4349; x_wconf 84' lang='lat' dir='ltr'>partis</span> <span class='ocrx_word' id='word_1_309' title='bbox 709 4287 834 4338; x_wconf 73' lang='lat' dir='ltr'>inferioris</span> <span class='ocrx_word' id='word_1_310' title='bbox 858 4287 970 4339; x_wconf 72' lang='lat' dir='ltr'>inlotis.</span> 
     </span>
    </p>
   </div>
   <div class='ocr_carea' id='block_1_9' title="bbox 0 0 1562 4974">
    <p class='ocr_par' dir='ltr' id='par_1_12' title="bbox 0 0 1562 4974">
     <span class='ocr_line' id='line_1_43' title="bbox 0 0 1562 4974; baseline 0 0"><span class='ocrx_word' id='word_1_311' title='bbox 0 0 1562 4974; x_wconf 95' lang='lat' dir='ltr'> </span> 
     </span>
    </p>
   </div>
  </div>
 </body>
</html>
