3148 4982
379 497 446 562 444
604 507 719 557 GESTA
742 507 868 556 ancum
893 506 1106 556 annuorum.
1173 491 1261 572 [um.
1279 507 1334 554 111.

381 666 546 732 ecclesias
572 664 774 742 introducti,
792 662 986 745 degradati,
1002 663 1197 745 potioribus
1221 663 1338 726 locum
1400 646 1403 656 ¹

383 767 518 832 dedere.
571 765 672 830 Unus
703 772 778 829 erat
800 783 903 847 quem
934 763 1088 846 suspicio
1116 763 1218 826 istius
1252 781 1337 845 apo-

384 867 503 931 stasiae
535 864 771 940 insimulabat,
805 862 866 926 sed
905 862 1010 927 nullis
1043 862 1191 926 testibus
1224 861 1338 944 argui,

333 949 336 960 ¹
384 966 490 1032 nullis
513 964 727 1046 argumentis
752 962 926 1026 confutari
947 967 1104 1045 poterat:
1130 980 1232 1044 quem
1259 981 1338 1024 cum

385 1073 528 1148 putares
542 1063 767 1127 constrictum
784 1061 949 1138 maxime,
963 1080 1058 1124 more
1073 1061 1199 1142 anguis
1213 1061 1338 1125 lubrici

386 1165 543 1247 elapsum
566 1162 762 1240 mirareris3
790 1161 842 1224 ita
865 1159 1002 1225 dicendi
1027 1167 1103 1224 arte
1126 1161 1277 1225 callebat
1297 1167 1338 1234 ut

386 1282 505 1328 omnes
528 1261 691 1326 eluderet.
744 1260 844 1324 Tunc
869 1259 1155 1324 archidiaconus:
1189 1259 1338 1325 ‘Cesset

386 1363 563 1426 bominum
580 1360 766 1443 eloquium,
788 1359 1000 1441 producatur
1023 1359 1061 1423 in
1084 1359 1234 1423 medium
1251 1359 1339 1424 divi-

387 1482 471 1528 num
488 1461 689 1525 oraculum:
713 1460 840 1523 scimus
852 1459 1008 1541 proiecto
1022 1459 1114 1542 quod
1130 1460 1337 1542 episcopalis

388 1561 503 1643 gratia
534 1560 654 1624 Sancti
677 1558 832 1641 Spiritus
858 1577 983 1622 munus
1011 1565 1086 1638 est3
1119 1565 1155 1623 et
1181 1559 1338 1642 quisquis

387 1661 625 1742 episcopatum
654 1665 837 1735 mercatur,
871 1656 1021 1740 Spiritus
1053 1658 1173 1722 Sancti
1209 1659 1338 1722 donum

388 1778 491 1842 posse
505 1759 699 1841 comparari
711 1757 860 1840 pecunia
873 1757 1045 1838 opinatur.
1098 1757 1225 1822 Coram
1239 1759 1339 1822 nobis

389 1878 485 1940 ergo,
499 1860 559 1941 qui
578 1857 710 1942 judicio
736 1857 856 1920 Sancti
881 1855 1031 1938 Spiritus
1053 1858 1257 1939 congregati
1278 1876 1337 1922 su·

389 1977 478 2036 mue,
493 1958 587 2022 dicat
600 1958 679 2034 iste,
694 1955 843 2020 “Gloria
859 1955 970 2033 Patri,
980 1963 1015 2019 et
1026 1956 1128 2034 Filio,
1143 1964 1180 2020 et
1193 1957 1336 2040 Spiritui

387 2056 519 2122 Sancto
531 2057 563 2136 ;''
582 2056 675 2139 quod
689 2057 720 2120 si
734 2074 897 2138 expresse
912 2061 947 2118 et
962 2057 1035 2119 sine
1052 2057 1242 2121 titubantia
1258 2057 1337 2120 dix-

386 2157 467 2234 erit,
490 2155 665 2220 constabit
687 2156 780 2238 apud
802 2175 857 2218 me
877 2173 946 2218 non
961 2156 1059 2218 illum
1073 2156 1254 2233 venaliter,
1277 2157 1337 2220 sed

388 2255 554 2337 legitime,
568 2255 759 2338 praesulatu
776 2254 955 2318 functum!
1007 2253 1134 2318 Libens
1151 2255 1240 2319 banc
1258 2275 1339 2320 con-

389 2355 555 2419 ditionem
580 2354 639 2418 ille
661 2354 807 2436 accepit,
829 2353 915 2418 nibil
945 2354 1061 2418 minus
1088 2373 1192 2437 quam
1215 2355 1336 2420 borum

389 2455 572 2519 verborum
595 2452 832 2517 difficultatem
859 2460 978 2533 ratus3
1013 2460 1049 2517 et
1079 2461 1172 2518 certe
1194 2454 1338 2520 ‘Gloria

393 2551 505 2630 Patri,
521 2560 557 2617 et
573 2553 686 2632 Filio,'
703 2553 838 2634 integre
861 2553 1018 2635 protulit,
1043 2554 1103 2617 sed
1128 2554 1164 2617 in
1182 2554 1338 2637 ‘Spiritu

391 2651 531 2716 Sancto’
563 2652 677 2716 haesit.
728 2651 904 2717 Suscitato
941 2660 1143 2717 cunctorum
1179 2655 1339 2737 strepitu,

382 2752 487 2816 nullo
510 2759 650 2829 conatu,
667 2752 723 2817 vel
738 2759 822 2816 tunc
835 2753 892 2816 vel
905 2752 941 2816 in
956 2754 1039 2818 vitae
1060 2753 1194 2836 reliquo
1212 2755 1339 2837 spatio,

391 2850 558 2932 Spiritum
575 2852 740 2915 Sanctum
760 2851 937 2916 nominare
958 2852 1084 2935 potuit.
1136 2852 1255 2936 Hujus
1277 2855 1339 2916 mi-

389 2949 500 3014 raculi
514 2952 615 3015 testis
632 2950 698 3015 fnit
715 2951 822 3015 abbas
845 2971 938 3034 saepe
963 2952 1173 3029 nominatus,
1190 2954 1262 3034 qui,
1279 2953 1339 3016 de-

381 3048 519 3134 jectum
543 3051 744 3134 episcopum
766 3069 828 3133 per
847 3050 925 3115 loca
947 3071 1063 3116 secum
1085 3052 1225 3129 ducena,
1244 3053 1338 3116 illius

383 3150 440 3213 rei
453 3152 729 3232 experimentum
751 3169 845 3233 saepe
861 3150 957 3231 risit3
981 3152 1024 3215 de
1040 3151 1139 3234 eujus
1155 3153 1338 3216 verborum

389 3250 595 3313 certitudine
623 3250 841 3314 dubitantem
868 3251 978 3314 omnis
1000 3250 1142 3332 Europa
1169 3251 1338 3329 confutat,

388 3367 468 3430 quae
492 3350 670 3432 religionis
697 3349 935 3414 cluniacensis
967 3370 1146 3414 numerum
1171 3371 1233 3433 per
1260 3371 1338 3415 eum

389 3457 652 3528 augmentatum
666 3469 736 3512 non
753 3449 875 3513 nescit.

441 3547 548 3630 5266.
565 3547 768 3612 Alexandro
783 3568 866 3630 ergo
880 3547 1056 3626 defuncto,
1073 3548 1239 3612 successit
1257 3547 1339 3612 Hil-

389 3645 584 3711 debrandus
614 3641 641 3734 (¹
652 3647 844 3729 Gregorius
877 3649 1045 3730 septimus
1074 3643 1216 3732 dictus).
1268 3648 1340 3713 Hic

388 3746 480 3828 quod
508 3747 569 3812 alii
584 3740 873 3811 ²mnssitaverant
897 3747 1013 3829 palam
1040 3747 1179 3825 extulit,
1198 3767 1339 3811 excom·

387 3846 568 3910 municans
587 3846 716 3910 electos
734 3847 794 3928 qui
815 3847 1039 3911 investituras
1058 3847 1280 3910 ecclesiarum
1296 3848 1339 3911 de

383 3963 493 4010 manu
515 3945 596 4009 laici
616 3966 681 4028 per
697 3946 862 4010 annulum
887 3952 923 4010 et
938 3946 1100 4010 baculum
1123 3947 1338 4029 acciperent3
1360 4019 1364 4032 ι

421 4147 430 4180 ¹
450 4149 588 4211 GWHWW
610 4149 727 4212 “litim
747 4151 849 4214 dim]
911 4175 1189 4243 ²1l1ucritueerunt.]d
1214 4182 1236 4230 G
1256 4181 1283 4230 D
1305 4180 1329 4230 Ε

386 4219 429 4267 He
440 4233 495 4268 was
507 4219 605 4269 elected
616 4232 682 4281 pope
697 4220 764 4268 ilud
775 4221 851 4281 April

387 4293 463 4352 1073,
473 4289 522 4338 and
534 4289 593 4338 died
606 4289 665 4338 Μ
677 4291 742 4353 May
755 4294 827 4340 1035·
876 4249 923 4310 L.;
939 4250 1131 4312 inusitaveraut,
1142 4249 1171 4302 S.
