3152 4970
398 499 465 564 678
629 515 743 563 ossus
766 513 893 563 nnouu
918 511 1131 560 succentu.
1217 496 1302 577 [mn.
1319 511 1351 557 v.

401 675 466 739 sibi
490 673 750 752 consuetudine,
767 682 802 738 et
816 674 852 738 in
869 673 1018 737 transitu
1034 672 1146 736 sancti
1160 670 1352 748 Benedicti,

402 781 438 837 et
454 775 491 837 in
517 772 707 836 festivitate
732 780 864 837 sanctae
883 772 1007 836 Mariae
1022 791 1100 853 quae
1115 769 1352 835 Annunciatio

404 873 589 938 Dominioa
604 871 741 949 dicitur,
759 871 925 956 majorem
947 871 1088 934 missam
1114 871 1151 934 in
1176 877 1352 933 conventu

405 972 606 1046 celebraret,
618 964 670 1033 ¹et
684 977 810 1036 octavo
827 990 849 1033 a
864 970 1030 1053 praedicto
1043 970 1156 1032 sancti
1171 967 1352 1032 Benedicti

405 1070 554 1133 transitu
577 1068 632 1132 die
654 1077 853 1151 praeventus
875 1069 1086 1145 infirmitate,
1101 1073 1227 1131 octavo
1249 1065 1354 1129 nihil-

405 1169 539 1232 ominus
556 1168 612 1231 die
627 1168 672 1231 ab
686 1167 966 1233 Annunciatione
984 1168 1168 1231 Dominica
1187 1167 1355 1246 migraret

406 1269 451 1330 ad
469 1266 657 1331 Christum.
696 1267 823 1350 Igitur,
835 1269 894 1349 qui
910 1267 1019 1331 vitam
1033 1266 1163 1329 domini
1178 1263 1352 1328 Lanzonis

405 1367 557 1448 ignorat,
583 1384 686 1448 quam
710 1367 850 1449 placens
874 1366 951 1428 Deo
973 1365 1078 1428 fuerit
1099 1384 1144 1428 ex
1164 1363 1233 1426 fine
1255 1362 1352 1426 colli-

406 1472 488 1546 gat;
511 1484 575 1527 nec
593 1465 724 1529 usitato
749 1465 968 1529 morientium
988 1483 1081 1527 more
1108 1463 1276 1547 praedicta
1302 1461 1354 1523 illi

405 1563 593 1644 contigisse
607 1564 786 1628 nobiscum
803 1563 935 1639 credat,
947 1582 1049 1645 quem
1066 1563 1215 1645 Spiritus
1234 1560 1353 1624 Sancti

406 1662 671 1725 charismatibus
688 1664 823 1727 nemine
840 1661 942 1745 hujus
959 1663 1124 1744 temporis
1141 1659 1284 1724 inferius
1301 1657 1354 1721 di-

406 1767 518 1824 tatum
532 1761 655 1824 sciat.''

542 1947 590 1994 DE
612 1946 820 1994 oonssnlno
843 1946 979 1993 PRIORE
1002 1936 1224 1994 wlNTON1AE.'

243 2062 334 2153 Ἢν
352 2063 394 2104 ¹¹01
458 2053 566 2138 §444
591 2053 667 2116 Nec
691 2053 857 2116 memoria
882 2046 1080 2118 ²Godefridi
1106 2052 1231 2134 prioris
1252 2052 1353 2116 Win-

241 2123 282 2202 iu.
351 2125 383 2154 ω’
407 2153 575 2216 toniensis
588 2151 651 2229 ¹ire
673 2152 775 2216 debet
796 2153 834 2215 in
856 2152 1040 2235 perditum,
1062 2153 1122 2233 qui
1143 2152 1354 2234 temporibus

406 2252 461 2315 his
475 2252 657 2316 literatura
681 2258 715 2314 et
735 2251 901 2331 religione
926 2249 1072 2332 insignis
1088 2251 1166 2314 fnit.
1219 2250 1354 2314 Litera-

405 2358 520 2415 turam
536 2357 773 2434 protestantur
787 2349 866 2412 libri
881 2350 1010 2431 plures,
1025 2356 1060 2413 et
1076 2349 1232 2433 epistolae
1256 2349 1355 2412 fami-

406 2449 485 2513 liari
511 2451 573 2514 illo
600 2458 637 2513 et
665 2449 757 2513 dulci
780 2449 872 2532 stylo
894 2448 1018 2528 editae;
1042 2450 1259 2531 maximeque
1281 2449 1354 2532 epi-

407 2555 614 2628 grammata,
626 2567 704 2630 qnae
719 2549 871 2630 satyrico
885 2548 988 2612 modo
1003 2548 1165 2624 absolvit,
1182 2555 1354 2631 praeterea

405 2665 527 2711 versus
552 2647 594 2709 de
628 2647 813 2728 primatum
840 2643 980 2728 Angliae
1004 2647 1177 2711 laudibus.
1228 2646 1351 2724 Quid?

406 2763 507 2806 omne
522 2744 676 2809 divinum
692 2743 853 2820 officium,
869 2746 963 2826 quod
985 2747 1114 2827 agresti
1129 2743 1278 2827 quadam
1293 2765 1353 2809 ve-

405 2848 537 2905 tustate
561 2843 765 2920 obsoletum,
792 2862 854 2924 per
876 2844 1081 2908 industriam
1107 2863 1206 2908 suam
1231 2845 1353 2908 nativa

405 2941 583 3004 excultum
599 2948 783 3006 venustate
806 2941 888 3006 fecit
904 2944 1104 3008 enitescere.
1156 2943 1351 3025 Religionis

405 3047 441 3103 et
457 3040 705 3122 hospitalitatis
723 3060 877 3106 normam
892 3042 1035 3124 pulchre
1051 3040 1247 3106 inchoatam
1267 3042 1351 3105 deli-

405 3140 515 3204 niavit
534 3140 569 3203 in
595 3139 794 3216 monachos,
811 3142 870 3222 qui
885 3139 1054 3222 hodieque
1074 3140 1126 3205 ita
1144 3141 1180 3204 in
1196 3140 1353 3222 utrisque

405 3239 530 3320 prioris
547 3245 664 3303 terunt
680 3239 876 3320 vestigium,
893 3247 933 3303 ut
958 3247 1019 3303 aut
1043 3239 1128 3303 nihil
1153 3247 1215 3302 aut
1228 3258 1352 3321 parum

404 3337 447 3399 iis
461 3338 551 3401 desit
568 3339 613 3400 ad
628 3337 740 3402 laudis
760 3338 946 3402 cumulum.
998 3338 1158 3420 Denique
1180 3345 1234 3402 est
1255 3339 1292 3401 in
1312 3358 1355 3402 ea

406 3435 508 3500 domo
522 3436 721 3519 hospitium,
736 3443 831 3501 terra
848 3435 1002 3519 marique
1017 3438 1228 3501 venientium
1242 3456 1354 3519 quan-

404 3540 479 3596 tum
512 3534 652 3599 hhuerit
682 3536 922 3612 diversorium,
956 3543 1096 3618 sumptu
1132 3535 1355 3613 indeficienti,

404 3631 573 3700 charitate
590 3633 830 3716 indefatigata.
883 3635 981 3699 Inter
1003 3635 1077 3700 haec
1099 3635 1212 3698 inerat
1228 3642 1351 3698 sancto

404 3730 479 3794 viro
493 3751 626 3796 morum
647 3733 836 3810 humilitas,
854 3742 902 3799 ut·
913 3735 998 3797 nihil
1012 3753 1057 3798 ex
1073 3733 1134 3796 illo
1149 3733 1252 3797 unico
1274 3733 1351 3815 phi-

403 3829 569 3912 losophiae
586 3834 823 3916 promptuario
841 3832 1012 3896 redoleret
1026 3833 1094 3896 nisi
1113 3832 1254 3909 humile,
1270 3851 1350 3915 pro-

438 4051 866 4117 ¹Etoctoeooproedictoroacti
926 4089 972 4142 ,G
1045 4093 1078 4106 ..
1131 4093 1174 4106 ..
1240 4095 1245 4106 .
1308 4095 1314 4107 .

405 4122 530 4172 Benedicti
551 4125 658 4173 transitu
674 4124 714 4174 die
729 4129 867 4186 preventus
906 4161 912 4176 .
974 4094 1078 4154 θάψαι
1094 4107 1187 4158 Μ
1193 4093 1356 4178 memfn'

400 4191 864 4272 frflm÷oe·1·2¹·⁸·22·÷enus
889 4163 1356 4282 daltihhltlt‘lltfl'*

400 4262 610 4310 masth*
