3148 4982
234 537 304 583 nra.
322 517 394 600 111.]
461 533 575 584 cnsrl
602 504 728 584 arcon
754 537 970 584 arenosum.
1121 520 1188 584 459

234 692 381 772 pecunia
396 709 466 756 non
481 699 601 775 posset
613 713 741 775 regere.
796 692 878 758 Non
900 701 954 757 est
977 693 1032 756 hic
1054 693 1186 775 aliquid

235 785 345 855 ¹aliud
368 792 604 878 excusationis
618 794 710 877 quod
734 792 886 871 afferam,
903 792 969 856 nisi
992 792 1085 876 quod
1108 795 1185 876 qui-

234 891 314 954 dam
337 891 438 969 dixit,
453 891 628 956 ‘Necesse
648 900 701 956 est
725 901 765 956 ut
786 894 913 958 multos
935 894 1068 969 timeat,
1082 912 1184 974 quem

236 991 336 1055 multi
349 992 494 1056 timent!
546 991 640 1056 Nam
655 993 726 1070 ille,
739 1012 803 1074 pro
818 993 941 1058 timore
955 993 1184 1071 inimicorum,

233 1091 430 1172 provincias
445 1107 527 1154 suas
542 1093 689 1174 pecunia
703 1094 923 1174 emungebat,
942 1111 1011 1174 qua
1032 1093 1183 1174 impetus

235 1210 353 1254 eorum
366 1191 423 1254 vel
437 1190 590 1256 tardaret
603 1192 659 1256 vel
672 1192 775 1255 etiam
794 1192 1013 1275 propelleret,
1027 1209 1183 1274 persaepe

235 1297 275 1354 ut
302 1290 342 1353 fit
366 1290 403 1352 in
426 1291 529 1354 rebus
551 1291 711 1355 humanis
733 1291 864 1356 viribus
894 1292 1053 1367 cassatis,
1082 1290 1183 1354 fidem

235 1389 393 1454 hostilem
422 1391 566 1472 praemio
594 1393 822 1474 pigneratus:
854 1399 979 1473 regnat
1006 1389 1119 1454 adhuc
1147 1397 1183 1454 et

234 1490 343 1552 indies
367 1497 514 1571 augetur
529 1490 672 1574 hujusce
687 1491 864 1554 dedecoris
886 1491 1077 1568 calamitas,
1094 1496 1183 1554 utet

236 1589 326 1654 villae
342 1596 377 1653 et
392 1590 547 1655 ecclesiae
564 1591 785 1673 pensionibus
800 1597 1061 1672 supponantur;
1088 1596 1123 1652 et
1138 1609 1181 1653 ne

234 1688 298 1753 hoc
321 1689 459 1771 quidem
489 1697 658 1772 perpetua
686 1697 889 1753 exactorum
912 1690 991 1766 fide,
1018 1689 1080 1752 sed
1105 1691 1181 1770 qui-

234 1808 370 1870 cunque
388 1789 468 1870 plus
492 1789 668 1867 obtulerit,
683 1791 814 1867 statim,
828 1791 941 1872 pactis
958 1787 1065 1852 irritis
1087 1789 1181 1871 prio·

235 1889 341 1965 ribuS,
354 1889 505 1970 palmam
522 1888 659 1952 habeat.

286 1987 303 2070 ᾗ
325 1987 402 2053 281.
426 1988 593 2052 Extremo
614 1989 697 2053 vitae
724 1996 878 2070 tempore
899 1987 936 2050 in
964 1985 1181 2051 Normannia
1194 2010 1286 2050 mnam

233 2087 405 2164 habitune,
422 2089 609 2152 contractis
623 2089 813 2151 inimicitiis
832 2107 910 2150 cum
929 2106 1011 2167 rege
1026 2086 1184 2149 Franco·
1192 2060 1291 2170 1111111

232 2207 320 2264 rum,
345 2187 595 2270 aliquantisper
617 2206 654 2251 se
679 2187 869 2264 continuit3
907 2185 1007 2268 cujus
1033 2185 1179 2248 abutens
1192 2161 1279 2250 illiges.

233 2287 413 2367 patientia,
435 2287 618 2370 Philippus
642 2286 751 2351 fertur
768 2286 908 2362 dixisse,
922 2284 1025 2370 ‘Rex
1040 2282 1179 2365 Angliae

227 2386 324 2469 jacet
338 2386 540 2468 Rotomagi,
564 2407 659 2450 more
681 2386 918 2450 absolutarum
939 2391 1042 2467 partu
1067 2384 1180 2447 foemi-

234 2505 356 2548 narum
387 2487 499 2550 cubile
527 2487 672 2563 fovens?
691 2487 832 2571 jocatus
860 2486 897 2548 in
922 2485 997 2568 ejus
1024 2490 1181 2548 ventrem

232 2604 334 2666 quem
355 2587 496 2668 potione
517 2587 708 2650 alleviarat.
761 2585 842 2664 Quo
864 2584 1079 2668 praestrictus
1099 2604 1181 2648 con-

232 2685 330 2762 vitio,
357 2685 546 2767 respondit,
564 2692 579 2769 ,‘
591 2685 679 2750 Cum
705 2684 747 2748 ad
773 2687 914 2748 missam
939 2691 1019 2765 post
1042 2690 1180 2765 partum

231 2785 316 2861 iero,
331 2778 487 2848 ²centum
501 2785 610 2849 millia
624 2785 785 2848 candelas
796 2785 826 2847 ei
841 2785 957 2850 libabo
968 2783 988 2862 ;'
998 2782 1084 2846 talia
1103 2787 1181 2865 ‘per

231 2885 516 2949 resurrectionem
541 2892 576 2949 et
599 2884 816 2967 splendorem
842 2884 921 2947 Dei'
935 2883 1182 2966 pronuncians

232 2984 325 3065 quod
347 2984 475 3048 soleret
492 3004 533 3048 ex
549 2984 720 3048 industria
735 2984 820 3048 talia
837 2981 1182 3056 sacramentasacere

232 3103 310 3165 quae
319 3085 396 3166 ipso
407 3077 522 3148 3hiatu
536 3084 605 3148 oris
618 3084 805 3148 terrificum
816 3083 978 3165 quiddam
987 3079 1183 3144 auditorum

233 3184 405 3247 mentibus
418 3185 630 3248 insonarent.

285 3282 391 3366 §282
417 3282 493 3347 Nec
517 3284 626 3348 multo
647 3290 739 3366 post,
754 3280 915 3361 Augusto
939 3296 1056 3341 mense
1077 3276 1182 3340 decli·
1196 3292 1343 3341 nameus.

234 3390 351 3461 nante,
369 3383 508 3465 quando
523 3391 558 3448 et
572 3389 708 3464 segetes
730 3381 766 3444 in
788 3380 894 3462 agris,
909 3386 944 3443 et
966 3377 1056 3441 botri
1079 3377 1116 3439 in
1129 3378 1182 3441 vi·

235 3483 321 3559 neis,
336 3490 372 3546 et
385 3502 489 3565 poma
505 3483 541 3546 in
556 3481 741 3557 viridariis,
764 3481 899 3562 copiam
919 3479 973 3542 sui
989 3477 1183 3542 volentibus

271 3766 278 3796 ¹
290 3768 389 3833 Aliud]
409 3770 543 3830 c.1>.E.;
555 3767 659 3817 omitted
670 3767 697 3814 in
719 3765 817 3828 lighted
829 3770 901 3826 taper
918 3765 944 3812 in
960 3765 1005 3813 her
1016 3763 1093 3823 hand,
1104 3767 1130 3811 at
1141 3762 1183 3810 the

236 3839 270 3889 A.
283 3840 312 3889 S.
323 3839 354 3888 L.
720 3835 815 3884 church
826 3835 897 3896 door,
907 3833 993 3882 where
1012 3833 1056 3882 she
1068 3835 1090 3880 is
1101 3832 1182 3891 sprin-

270 3905 397 3958 ²Centcm
406 3907 485 3956 mittio
501 3908 612 3956 cendebia
628 3905 651 3954 ci
667 3905 697 3954 li·
720 3905 781 3954 kled
792 3905 855 3953 with
869 3904 930 3964 holy
940 3907 1029 3963 water,
1039 3902 1090 3951 and
1105 3899 1182 3948 after-

235 3973 315 4046 10110]
345 3978 470 4039 Alluding
488 3981 514 4026 to
535 3977 578 4026 the
600 3979 698 4024 custom
720 3975 805 4024 warde
817 3972 957 4022 conducted
967 3973 1020 4020 into
1028 3971 1069 4019 the
1077 3969 1181 4019 church.
1211 4005 1213 4010 ,

236 4063 334 4097 women
344 4047 508 4097 hadinthose
519 4047 583 4107 days
592 4044 621 4095 oi
625 4047 698 4094 offer·
720 4044 774 4093 'l'he
801 4044 912 4104 practice
940 4055 1020 4090 seems
1046 4039 1183 4088 connected

236 4120 279 4179 ing
298 4118 395 4179 lighted
418 4117 521 4166 cnndles
540 4117 615 4165 when
637 4115 698 4176 they
723 4113 784 4163 with
803 4113 845 4161 the
864 4111 965 4161 festival
981 4109 1010 4158 of
1023 4110 1065 4158 the
1089 4110 1184 4157 Purifi-

235 4202 302 4237 were
319 4188 456 4237 churched.
482 4187 534 4237 Mr.
542 4186 638 4247 Sharpe
654 4187 699 4233 ob·
723 4184 806 4232 cation
816 4198 823 4241 ;
834 4197 859 4231 v.
871 4179 988 4240 Durand,
999 4180 1044 4229 lib.
1056 4192 1104 4228 vn.
1116 4194 1138 4226 c.
1152 4178 1186 4228 ⁷!

237 4272 331 4318 serves,
352 4258 421 4306 ‘The
442 4257 546 4306 Romish
567 4255 644 4304 ritual
661 4255 699 4302 di·
758 4251 889 4315 3Η1010.]
914 4250 944 4299 C.
963 4249 997 4298 D.
1014 4251 1063 4308 E.;
1087 4249 1186 4309 habitu,

236 4333 301 4377 recte
312 4327 354 4377 the
366 4341 466 4379 woman
477 4331 502 4375 to
513 4326 598 4388 kneel,
608 4325 670 4374 with
683 4339 698 4373 a
725 4321 770 4383 ἃς
788 4321 880 4384 halitu,
891 4321 936 4380 L.;
954 4321 1029 4382 rictu,
1041 4319 1073 4370 A.
