3140 4974
394 457 461 521 546
611 471 735 522 ,cassa
758 471 884 543 nneuu
906 469 1121 518 uuenonurr.
1198 458 1282 538 [ms.
1303 474 1349 520 ιν.

396 630 517 694 ratorii
543 630 674 692 nummi
702 629 878 692 Bizantini
904 627 1042 691 vocati:
1067 627 1156 692 hanc
1179 619 1345 694 divinitus

395 735 552 792 mutasse
567 749 705 806 nomen,
723 728 757 792 S.
773 726 955 792 Aldelmus
979 734 1169 792 auctorest
1186 721 1239 791 ¹in
1257 730 1346 795 libro

234 842 383 933 fffipgepffl
397 829 453 892 De
470 827 695 910 Virginitate,
718 827 915 910 hujusmodi
935 826 1118 891 sententia.
1171 826 1345 892 Constan-

397 927 484 1005 tino,
507 929 544 990 in
569 929 690 992 eadem
712 929 797 990 urbe
823 933 999 1007 soporato,
1013 927 1091 990 visa
1116 934 1169 990 est
1190 929 1345 992 astitisse

397 1027 517 1092 vetula
538 1029 636 1109 rugis
660 1026 808 1091 anilibus
829 1032 930 1089 arata
944 1025 1114 1105 frontem3
1137 1046 1221 1090 mox
1238 1023 1346 1109 impe·

398 1126 476 1190 riali
492 1126 673 1211 chlamyde
686 1126 815 1190 amicta
837 1125 873 1188 in
890 1125 1115 1208 juvenculam
1136 1127 1344 1204 refloruisse,

398 1227 587 1308 viridisque
609 1226 728 1290 formae
758 1225 881 1288 decore
907 1224 1130 1289 Constantini
1158 1225 1343 1308 pellexisse

399 1325 536 1390 oculum
559 1335 599 1390 ut
618 1345 688 1390 non
709 1326 897 1388 abstineret
914 1324 997 1405 quin
1019 1325 1212 1406 porrigeret
1234 1327 1267 1388 ei
1289 1345 1345 1389 os-

399 1425 526 1489 culum.
578 1424 678 1488 Tunc
703 1423 876 1488 Holenam
901 1430 1058 1499 matrem,
1088 1443 1167 1505 quae
1195 1424 1344 1500 adesset,

399 1523 542 1599 dixisse,
556 1523 667 1588 ‘Haec
684 1532 746 1587 tua
767 1541 902 1604 semper
921 1523 997 1598 erit,
1015 1542 1248 1605 necunquam
1271 1543 1344 1587 mo·

399 1623 520 1698 rietur,
543 1623 610 1686 nisi
632 1624 670 1686 in
691 1622 759 1686 fine
779 1620 911 1711 seculi.†
963 1620 1083 1704 Hujus
1104 1624 1228 1686 somnii
1251 1624 1344 1686 solu-

398 1721 528 1786 tionem
543 1719 735 1804 Augustus‚
747 1729 891 1785 extruso
907 1739 1043 1802 sopore,
1053 1721 1198 1804 jejuniis
1212 1729 1247 1786 et
1256 1722 1344 1786 elec-

398 1821 553 1904 mosynis
570 1821 776 1886 extrahebat
796 1841 815 1884 e
837 1821 938 1884 coelo.
991 1820 1037 1883 Et
1053 1839 1145 1898 eece,
1169 1829 1249 1905 post
1266 1829 1344 1886 octo

400 1919 473 1984 dies
496 1922 622 1984 iterum
649 1926 845 2002 soporatus,
868 1920 964 1984 visus
992 1926 1046 1982 est
1068 1920 1184 1984 videre
1215 1921 1345 1984 Silves-

399 2026 491 2084 trum
506 2039 645 2102 papam,
660 2020 765 2102 paulo
785 2026 866 2083 ante
883 2018 1093 2096 defunctum,
1109 2020 1169 2102 qui
1184 2019 1276 2083 dulci
1290 2020 1345 2082 lu-

398 2120 529 2183 minum
543 2121 616 2183 risu
625 2113 848 2202 ²discipulum
862 2117 1111 2200 perstringens,
1126 2118 1346 2196 ‘Consueta,'

398 2217 523 2301 inquit,
540 2220 663 2301 ‘egisti
679 2219 875 2303 prudentia,
890 2225 929 2282 ut
945 2218 1036 2299 quod
1059 2218 1273 2283 intellectum
1295 2219 1344 2282 cf-

398 2317 535 2400 lugeret
565 2318 725 2396 hominis,
758 2338 780 2381 a
806 2317 883 2381 Deo
913 2324 1116 2398 expectares
1143 2318 1344 2382 solvendum

401 2418 528 2481 nodum
546 2419 753 2499 aenigmatis.
793 2416 883 2480 Haec
896 2417 1004 2497 igitur
1020 2435 1124 2498 quam
1138 2417 1258 2481 vidisti
1271 2418 1345 2481 ani-

400 2516 480 2580 cula
506 2523 561 2580 est
584 2517 708 2581 civitas
732 2517 812 2593 ista,
840 2516 907 2579 aevi
930 2515 999 2578 situ
1022 2515 1217 2598 decrepita3
1246 2516 1345 2600 cujus

395 2615 471 2698 jam
488 2622 663 2678 vetustate
680 2634 809 2698 quassa
830 2615 972 2686 moenia,
989 2620 1025 2678 et
1039 2615 1188 2678 vicinam
1211 2617 1345 2679 ruinam

400 2715 580 2791 minantia,
606 2721 838 2796 reparatorem
857 2713 1065 2777 desiderant.
1118 2713 1185 2777 Sed
1208 2722 1247 2778 tu
1270 2734 1345 2778 eam

400 2814 508 2876 muns
525 2813 714 2877 reformans
736 2819 771 2877 et
793 2814 929 2895 opibuS,
946 2813 1116 2877 vocabulo
1134 2833 1270 2896 quoque
1292 2815 1345 2876 in-

400 2913 529 2993 signies
552 2919 625 2989 tuo,
643 2919 678 2976 et
703 2912 862 2994 regnabit
883 2912 920 2974 in
943 2931 984 2975 ea
1005 2920 1173 2994 perpetuo
1197 2913 1346 2995 impera-

400 3011 490 3074 toria
508 3013 702 3093 progenies.
756 3011 838 3075 Non
863 3017 979 3074 tamen
997 3018 1058 3074 tuo
1082 3012 1252 3076 arbitratu
1269 3012 1346 3074 fun-

400 3109 563 3174 damenta
580 3111 703 3194 jacies,
721 3111 782 3174 sed
805 3129 950 3174 ascenso
972 3110 1148 3191 sonipede,
1170 3111 1226 3174 cui
1241 3130 1346 3192 quon-

400 3209 480 3273 dam
492 3210 587 3273 rudis
597 3209 806 3274 Christicola
814 3210 966 3273 insidens
976 3210 1211 3291 apostolorum
1226 3209 1346 3274 Romae

400 3310 555 3373 circuisti
572 3309 747 3386 ecclesias,
765 3309 894 3373 laxatis
905 3309 1060 3386 habenis,
1076 3327 1145 3391 quo
1156 3309 1250 3373 volet
1264 3329 1347 3372 eun·

400 3407 436 3469 di
455 3414 652 3490 promptum
665 3409 717 3471 illi
732 3409 832 3472 cedes
855 3407 1036 3472 arbitrium
1050 3429 1058 3486 ;
1083 3407 1293 3489 habebisque
1309 3409 1346 3470 in

401 3525 506 3568 manu
531 3507 666 3571 hastam
691 3508 835 3588 regiam,
864 3506 964 3589 cujus
994 3506 1135 3589 cuspide
1159 3508 1195 3569 in
1219 3515 1347 3571 terram

401 3612 515 3668 tracta
536 3608 625 3670 muri
647 3607 842 3669 scribentur
859 3605 1019 3687 vestigia.
1073 3605 1242 3669 Consules
1265 3626 1348 3688 crgo

435 3877 484 3926 ¹la
492 3879 554 3926 libro
563 3878 601 3926 De
610 3877 785 3941 virginitate]
797 3879 862 3939 Cap.
888 3893 943 3928 was
953 3879 1072 3927 invented
1086 3880 1112 3926 in
1129 3878 1171 3926 the
1189 3879 1276 3940 eighth
1293 3895 1350 3928 cen-

401 3962 461 3999 xxv.
473 3949 534 3998 edit.
546 3948 676 3996 Wharton.
702 3947 749 3996 See
769 3953 825 3996 note
845 3946 863 4009 ¹,
888 3954 955 4010 tury.
991 3949 1034 3996 He
1055 3962 1136 3997 seems
1158 3952 1184 3996 to
1205 3949 1270 3998 have
1286 3951 1350 3998 been

401 4035 426 4079 p.
440 4023 481 4067 44.
887 4017 1006 4078 baptized
1017 4015 1068 4066 and
1079 4018 1196 4066 received
1212 4019 1254 4066 the
1271 4021 1352 4080 impo-

405 4107 408 4114 ·
435 4085 632 4150 tuscanum]
657 4087 710 4134 The
729 4086 821 4147 legend
837 4086 866 4133 oi
888 4088 962 4135 sitien
978 4087 1006 4136 oi
1019 4087 1100 4136 hands
1115 4087 1153 4134 ior
1167 4087 1208 4136 the
1225 4089 1278 4136 first
1288 4090 1348 4136 time

401 4157 585 4206 Constantine’s
605 4157 714 4216 baptism
737 4160 764 4204 at
782 4156 860 4203 Rome
887 4156 979 4218 during
998 4157 1038 4205 his
1054 4159 1104 4205 last
1121 4157 1215 4222 illoesa.
1240 4158 1349 4222 (Euseb.

401 4228 508 4277 thirteen
526 4241 601 4287 years
620 4225 704 4274 before
722 4225 762 4273 his
785 4225 860 4273 death
887 4227 913 4273 in
925 4227 976 4276 Vit.
989 4227 1119 4275 Constant.
1130 4227 1176 4276 lib.
1189 4239 1222 4275 ιν.
1235 4243 1257 4277 c.
1270 4225 1323 4290 61.)
