3140 4974
212 453 352 534 mnu]
446 470 560 519 ansus
584 474 711 522 aneon
735 475 949 525 Ancnoauu.
1101 467 1166 531 627

212 622 342 694 ¹edicto
357 631 590 713 compescuit:
614 631 835 715 deprehensis
851 632 970 697 oculos
985 652 1064 696 cum
1081 628 1164 698 ²tes-

210 729 304 793 tibus
320 729 424 793 evelli
437 731 655 812 praecipiens.
702 730 833 795 Contra
848 738 1044 812 trapezetas
1061 726 1163 816 (quos

211 829 318 910 vulgo
354 830 565 892 monetarios
588 827 732 915 vocant)
762 830 974 912 praecipuam
1005 831 1060 894 sui
1084 832 1162 896 dili-

213 928 366 1008 gentiam
391 926 570 1007 exhibnit;
594 929 728 992 nullum
750 928 942 1005 falsarium,
965 929 1049 1010 quin
1073 951 1162 1012 pug-

213 1045 295 1090 num
317 1025 488 1108 perderet,
507 1026 647 1108 impune
671 1029 766 1091 abire
788 1029 1003 1110 permittens,
1026 1031 1086 1110 qui
1107 1030 1162 1093 fu-

212 1124 296 1189 isset
313 1125 512 1188 intellectus
535 1124 699 1190 falsitatis
717 1145 790 1189 suae
813 1127 1018 1192 commercio
1045 1127 1161 1193 fatuos

212 1223 372 1288 irrisisse.

264 1322 372 1404 §loa
396 1322 593 1387 Scottorum
613 1341 713 1402 reges
737 1322 881 1388 lenitate
904 1342 969 1387 sua
991 1322 1160 1406 palpavit,
1173 1349 1292 1410 nnana·-

212 1440 342 1487 morem
373 1421 490 1486 fratris
518 1422 723 1485 aemulatus:
758 1423 927 1503 siquidem
953 1422 1013 1485 ille
1040 1401 1315 1490 Dure-lilllllfl

212 1538 348 1597 canum,
366 1520 475 1584 filium
491 1521 669 1584 Malcolmi
686 1520 844 1598 nothum,
859 1529 895 1586 et
905 1520 1049 1584 militem
1066 1521 1160 1600 fecit,

212 1625 248 1681 et
279 1639 397 1700 regem
435 1620 633 1684 Scottorum
663 1627 799 1683 mortuo
829 1627 942 1703 patre·
958 1620 1295 1700 constituit;n.n.1ur.

212 1717 273 1780 sed
296 1737 337 1781 eo
359 1720 475 1800 patrui
500 1718 698 1782 Duvenaldi
719 1717 840 1782 fraude
871 1719 1065 1795 interemto,
1088 1718 1160 1782 Ed·
1172 1744 1228 1784 nn.
1238 1746 1294 1784 1094.

212 1835 335 1897 garum
361 1817 398 1880 in
420 1836 564 1900 regnum
585 1817 770 1898 promovit,
788 1817 935 1899 praefato
952 1817 1159 1881 Duvenaldo
1172 1845 1293 1885 annau

211 1915 343 1978 astutia
376 1915 492 1980 David
516 1916 667 2000 junioris
699 1923 734 1979 et
760 1916 890 1980 viribus
906 1916 1074 1980 Willelmi
1099 1936 1161 1980 ex-

212 2014 332 2078 tincto.
385 2014 524 2096 Edgaro
551 2014 650 2078 fatali
676 2021 770 2078 sorte
793 2016 1029 2091 occumbente,
1049 2013 1158 2078 Alex·
1171 2041 1293 2082 nnana

210 2113 355 2188 andrum
370 2132 603 2178 successorem
621 2112 795 2186 Henricus
816 2113 982 2178 affinitate
1000 2113 1160 2190 detinuit,

211 2211 295 2275 data
308 2213 340 2274 ei
354 2213 389 2277 in
406 2213 606 2297 conjugium
621 2211 692 2275 filia
709 2211 817 2275 notha
830 2232 839 2291 ;
862 2212 905 2275 de
919 2231 989 2293 qua
1004 2211 1063 2274 ille
1078 2213 1160 2277 viva

211 2330 274 2373 neo
292 2311 457 2391 sobolem,
472 2312 564 2394 quod
580 2311 700 2387 sciam,
716 2311 808 2388 tulit,
824 2330 887 2374 nec
903 2318 985 2374 ante
1008 2330 1045 2373 se
1068 2330 1159 2373 mor-

211 2416 307 2472 tuam
323 2410 470 2475 multum
485 2411 694 2492 suspiravit:
719 2409 876 2473 defuerat
890 2409 981 2473 enim
996 2407 1159 2486 foeminae,

212 2515 251 2571 ut
265 2507 385 2587 fertur,
400 2510 493 2592 quod
512 2509 777 2585 desideraretur,
792 2508 848 2572 vel
869 2509 906 2572 in
929 2527 1062 2572 morum
1084 2529 1158 2574 mo-

212 2606 335 2685 destia,
351 2608 406 2672 vel
423 2610 459 2672 in
476 2610 629 2690 corporis
647 2609 830 2689 elegantia.
866 2605 1070 2676 Alexandro
1085 2626 1158 2671 ma·
1172 2633 1226 2674 nn.
1237 2635 1293 2674 1124.

206 2705 342 2788 joribus
355 2708 427 2771 suis
442 2708 615 2791 apposito,
633 2707 750 2771 David
759 2700 1050 2779 ³minorfiliorum
1066 2706 1158 2770 Mal-

210 2804 324 2882 colmi,
339 2826 442 2888 quem
464 2826 527 2870 rex
545 2807 704 2871 comitem
721 2806 1089 2878 feceratet'oonnnbio
1104 2806 1158 2869 in·

210 2904 320 2984 signis
338 2904 489 2970 foeminae
512 2906 714 2982 donaverat,
737 2904 1081 2972 solium'Scottorum
1103 2924 1159 2968 as-
1210 2943 1211 2947 =

209 3001 345 3067 cendit:
364 3004 506 3086 juvenis
528 3004 664 3068 caeteris
686 3002 860 3078 curialior,
879 3010 914 3066 et
928 3004 1001 3084 qui,
1023 3010 1159 3067 nostro-

209 3120 286 3172 rum
311 3101 473 3167 convictu
500 3109 535 3165 et
560 3101 796 3164 familiaritate
824 3101 965 3163 limatus
991 3120 1013 3164 a
1037 3120 1157 3183 puero,

208 3218 345 3262 omnem
360 3199 551 3279 rubiginem
575 3199 736 3262 Scotticae
758 3198 929 3269 barbariei
945 3198 1156 3277 deterserat3

209 3297 357 3378 denique
381 3317 488 3378 regno
512 3297 646 3378 potitus
666 3315 749 3358 mox
766 3314 885 3360 omnes
901 3297 1157 3377 compatriotas

175 3460 180 3470 ,
208 3396 429 3459 triennalium
440 3389 666 3460 *tributorum
682 3393 847 3475 pensione
859 3394 1000 3469 levavit,
1016 3395 1158 3475 quivel-

209 3493 282 3557 lent
310 3495 466 3560 habitare
495 3493 634 3570 cultius
665 3492 796 3555 amiciri
824 3492 1030 3574 elegantius,
1060 3493 1158 3575 pasci

209 3595 416 3658 accuratius.
469 3593 595 3675 Neque
612 3611 694 3656 vero
714 3607 865 3672 unquam
887 3593 923 3654 in
946 3599 1026 3655 acta
1047 3591 1157 3656 histo·

244 3915 379 4001 'Edicto.]
390 3921 444 3970 'lle
456 3921 533 3972 Laws
544 3924 573 3972 of
581 3923 671 3984 Henry
696 3887 891 4010 0ῃῖἰῖἶέἱέωέ
915 3894 944 3942 c·
964 3893 999 3941 D·
1020 3894 1070 3953 E.;
1088 3894 1158 3942 Μ’

207 3989 250 4071 th?
272 3990 340 4070 pult
361 3990 426 4087 hale
447 3991 526 4072 lalely
548 3994 611 4042 been
633 4007 671 4042 ’θ’
731 3994 857 4089 ’Illincnl
886 4033 915 4081 C.
934 4031 969 4079 D.
991 4032 1041 4090 Ε.;
1061 4031 1149 4091 junior

207 4059 307 4140 printed
315 4058 391 4107 ruthe
416 4061 525 4110 Ancrent
535 4062 610 4110 Laws
620 4063 671 4110 and
696 4096 729 4146 A.
742 4099 806 4147 Μ
1150 4065 1158 4092 ’

209 4128 342 4176 Institutas
353 4127 382 4177 of
391 4129 526 4192 England,'
537 4131 618 4180 under
629 4131 671 4180 the
808 4134 814 4148 “

208 4196 634 4262 aareeaaorsupornrnnorpe.
697 4163 1157 4299 culrfflffl']‘¹'⁸·⁰·ss·ss⁵
