3148 4982
379 554 445 618 460
600 573 714 620 onsrn
737 571 864 620 uncum
888 567 1103 618 russonum,
1170 552 1258 632 [nm.
1276 567 1331 612 ιιι.

381 724 527 803 faciunt,
551 727 708 791 exercitu
738 714 871 804 coacto,
899 726 1082 790 Franciam
1106 724 1253 788 infestus
1279 727 1332 788 in-

384 826 550 907 greditur.
595 827 722 891 Omnia
737 828 895 910 proterit,
910 832 1034 890 cuncta
1053 825 1260 908 populatur3
1284 826 1335 888 ni-

385 925 525 989 hilarat
540 927 632 1008 quod
645 927 791 991 furentis
811 927 964 990 animum
983 925 1170 1006 mitigaret,
1187 931 1227 987 ut
1241 924 1333 1008 inju-

387 1025 472 1087 riam
485 1026 674 1089 insolenter
689 1032 866 1108 acceptam
880 1025 1066 1088 multorum
1081 1024 1260 1106 dispendio
1279 1024 1334 1087 ul-

386 1125 582 1188 cisceretur.
628 1124 810 1189 Postremo
841 1125 1046 1189 Medantum
1076 1125 1252 1188 civitatem
1280 1124 1335 1187 in·

383 1223 487 1306 jectis
511 1224 649 1306 ignibus
678 1225 856 1302 cremavit,
881 1225 1061 1287 combusta
1090 1223 1161 1287 illic
1190 1223 1336 1287 ecclesia

388 1330 518 1386 sanctae
542 1324 687 1404 Mariae;
712 1325 848 1388 reclusa
871 1342 942 1386 una
964 1324 1130 1399 ustulata,
1153 1342 1231 1405 quae
1258 1342 1336 1405 spe-

389 1422 492 1485 laeum
517 1442 619 1487 suum
646 1426 768 1489 necin
794 1424 857 1487 tali
879 1423 1085 1487 necessitate
1111 1422 1335 1486 deserendum

390 1522 554 1604 putavit;
594 1523 743 1587 fortunae
781 1542 899 1586 omnes
937 1523 1064 1587 civium
1103 1522 1335 1604 pessundatae.

229 1641 270 1680 nr.
279 1639 321 1679 aa
333 1639 363 1679 n·
391 1621 472 1698 Quo
486 1641 647 1686 successu
661 1623 888 1700 exhilaratus
903 1622 985 1685 dum
1001 1642 1082 1686 suos
1102 1622 1267 1685 audacius
1281 1623 1336 1685 in-

229 1701 285 1738 ”m'
391 1720 477 1784 citat
499 1729 540 1785 ut
561 1722 635 1804 igni
660 1722 827 1806 adjiciant
852 1722 991 1804 pabula,
1015 1722 1157 1804 propius
1181 1721 1337 1785 flammas

390 1820 589 1899 succedens
604 1822 672 1885 foci
693 1822 808 1886 calore
830 1829 866 1885 et
886 1821 1097 1885 autumnalis
1120 1828 1227 1884 aestus
1253 1821 1335 1884 inae-

391 1920 560 2002 qualitate
587 1923 744 1985 morbum
773 1928 897 1985 nactus
925 1929 989 1985 est.
1042 1921 1173 1984 Dicunt
1197 1920 1337 2002 quidam

391 2019 483 2101 quod
509 2029 721 2103 praeruptam
743 2020 872 2084 fossam
899 2021 1039 2103 sonipes
1065 2020 1262 2084 transiliens
1283 2021 1336 2084 in·

392 2126 534 2183 teranea
556 2122 700 2184 sessoris
720 2113 880 2202 ¹ruperit,
898 2120 991 2202 quod
1003 2121 1040 2182 in
1055 2121 1219 2183 anteriori
1240 2126 1339 2201 parte

391 2219 486 2282 sellae
500 2231 621 2284 venter
644 2220 902 2302 protuberabat.
954 2219 1035 2284 Hoc
1054 2219 1172 2283 dolore
1196 2218 1338 2283 affectus

392 2321 545 2400 receptui
567 2320 640 2383 suis
662 2320 809 2398 cecinit;
837 2319 1140 2402 Rotomagumque
1167 2338 1338 2395 reversus

392 2426 566 2482 crescente
606 2419 716 2483 indies
756 2418 984 2496 incommodo,
1020 2418 1111 2482 lecto
1155 2419 1338 2501 excipitur.

393 2516 553 2581 Consulti
577 2519 701 2582 medici
725 2520 938 2600 inspectione
963 2518 1072 2581 urinae
1095 2526 1224 2581 certam
1250 2537 1341 2580 mor-

393 2624 463 2680 tem
487 2617 691 2698 praedixere.
744 2617 823 2697 Quo
840 2618 957 2681 audito
974 2619 1187 2700 querimonia
1201 2617 1340 2680 domum

393 2716 551 2797 replevit,
574 2718 665 2799 quod
688 2737 766 2782 eum
785 2724 1044 2799 praeoccuparet
1064 2737 1156 2800 mors
1180 2717 1340 2781 emenda·

393 2816 523 2878 tionem
536 2817 618 2880 vitae
629 2817 836 2901 jamdudum
859 2817 1094 2881 meditantem.
1147 2817 1340 2899 Resumpto

395 2914 522 2992 animo,
539 2935 618 2998 quae
633 2916 822 2982 Christiani
839 2924 920 2980 sunt
939 2925 1106 2981 executus
1129 2917 1237 2980 estin
1260 2937 1342 2981 con-

396 3013 545 3079 fessione
559 3024 595 3080 et
608 3017 749 3080 viatico
802 3015 1054 3080 Normanniam
1077 3017 1208 3080 invitus
1231 3022 1266 3079 et
1286 3036 1340 3080 co

396 3124 495 3177 actus
521 3115 689 3193 Robert0,
712 3114 877 3197 Angliam
891 3115 1078 3192 Willelmo,
1106 3117 1342 3197 possessiones

394 3222 569 3278 maternas
581 3214 735 3279 Henrico
745 3215 929 3297 delegavit.
966 3215 1115 3280 Vinctos
1128 3235 1209 3279 suos
1224 3235 1342 3278 omnes

395 3312 494 3377 educi
517 3322 551 3378 et
576 3316 678 3393 solvi,
702 3315 884 3379 thesauros
907 3314 1019 3379 efferri
1042 3323 1078 3379 et
1100 3314 1252 3379 ecclesiis
1270 3315 1340 3378 dis-

393 3413 504 3494 pergi,
527 3416 703 3497 praecepit.
755 3413 898 3478 Certum
923 3435 1103 3478 numerum
1118 3415 1273 3497 pecuniae
1296 3414 1341 3477 ad

392 3514 645 3594 reparationem
672 3514 825 3578 ecclesiae
855 3534 966 3596 nuper
995 3521 1157 3578 crematae
1187 3516 1262 3597 ipse
1288 3514 1341 3576 in-

232 3622 379 3722 iiiiii&
392 3610 491 3676 dixit.
537 3613 716 3677 Ordinatis
745 3633 829 3695 ergo
858 3614 945 3677 bene
973 3615 1088 3690 rebuS,
1112 3622 1236 3678 octavo
1262 3612 1340 3677 idus

309 3701 315 3720 '
392 3710 604 3793 Septembris
621 3713 779 3790 decessit,
796 3732 888 3776 anno
908 3713 1006 3795 regni
1019 3707 1199 3778 ²vicesimo
1218 3714 1340 3796 primo,

392 3812 577 3876 comitatus
591 3812 877 3896 quinquagesimo
893 3813 1055 3890 secunde,
1070 3814 1152 3878 vitae
1167 3813 1338 3895 quinqua-

392 3911 523 3991 gesimo
548 3933 652 3989 nono,
673 3913 865 3976 Dominicae
886 3912 1134 3977 incarnationis
1157 3913 1339 3976 millesimo

349 4025 351 4030 ’
391 4012 602 4092 octogesimo
624 4013 783 4094 septimo.
837 4011 902 4075 Ille
925 4012 991 4075 fuit
1014 4032 1127 4076 annus
1139 4033 1208 4095 quo
1224 4011 1340 4076 Cnuto

871 4179 904 4184 .-
913 4180 1017 4185 -.-.-
1024 4181 1104 4186 „—
1116 4181 1340 4191 ..Ἢ---

426 4277 431 4306 ¹
453 4281 580 4343 Raparia]
607 4283 676 4342 En,
705 4282 851 4344 disruperit,
911 4279 1054 4332 ²Viccetmo
1070 4284 1171 4347 prima]
1192 4285 1221 4334 C.
1241 4285 1271 4334 D.
1290 4286 1338 4344 E.;

388 4351 421 4398 A.
435 4350 464 4399 S.
479 4352 507 4399 C.
520 4351 554 4399 D.
571 4353 622 4400 Ea.
637 4353 667 4403 L.
875 4353 1126 4416 vicesimosecundo,
1138 4355 1166 4403 S.
1179 4355 1234 4403 La.
