3140 4974
216 503 367 582 niara]
446 518 709 566 cusrnuncuu
734 521 948 567 Aucuonuu.
1101 505 1166 567 567

218 682 313 738 trant
333 673 570 738 fundamenta.
622 672 781 738 Alterum
803 674 888 751 luit„
904 694 967 756 pro
991 675 1163 756 lignorum
1175 649 1311 784 mpu-

216 773 372 854 penuria,
395 774 500 836 turris
520 793 590 836 non
615 793 755 854 magna,
782 775 818 837 in
840 774 978 837 modum
999 774 1162 838 aedificio·
1270 772 1275 782 '

217 891 293 934 rum
320 871 435 936 sacta:
469 871 625 935 Berfreid
649 871 838 954 appellant,
863 872 955 955 quod
984 874 1163 954 fastigium

218 989 393 1033 murorum
416 979 582 1052 aequaret.
635 970 715 1034 Hoc
739 970 1063 1048 machinamentum,
1081 972 1163 1034 dum

217 1068 327 1146 fieret,
354 1089 486 1132 moram
516 1069 685 1133 obsidioni
708 1069 803 1133 dedit
826 1089 889 1151 pro
912 1070 1086 1134 fabrorum
1108 1071 1161 1133 in-

218 1167 318 1231 scitia
342 1175 377 1231 et
400 1168 573 1248 lignorum
597 1161 741 1249 ¹inopia.
793 1168 840 1231 Et
857 1169 932 1252 jam
957 1169 1162 1251 quartusde-
1174 1185 1224 1234 Juu
1235 1187 1264 1224 14·

218 1267 326 1329 cimus
353 1267 425 1329 dies
443 1265 764 1343 Juliiwolvebatur,
787 1286 864 1330 cum
888 1266 924 1329 hi
946 1268 1094 1358 admotis
1108 1269 1160 1331 vi·

217 1366 291 1427 neis
307 1384 442 1427 murum
464 1365 644 1441 soffodere,
666 1364 702 1426 hi
725 1373 854 1429 turrem
873 1383 1075 1447 promovere
1091 1386 1160 1430 coe-

218 1483 318 1545 pere:
357 1463 448 1545 quod
479 1471 519 1527 ut
548 1465 775 1546 opportunius
807 1463 915 1540 fieret,
946 1466 1161 1528 membratim

217 1561 425 1644 disjunctam
440 1561 484 1625 ad
498 1581 614 1626 muros
634 1563 762 1641 tulere;
785 1563 913 1645 ibique,
928 1582 1035 1645 prope
1050 1583 1161 1645 quan·

216 1668 289 1723 tum
313 1681 334 1724 a
354 1660 455 1743 jactu
477 1662 617 1742 sagittae
642 1680 765 1724 cavere
789 1668 961 1743 poterant,
985 1663 1161 1743 compagi-

218 1766 347 1835 natam,
369 1765 524 1822 rotarum
539 1758 758 1823 volubilitate
775 1779 873 1822 muro
887 1779 975 1842 pene
990 1760 1160 1842 conjunx-

218 1876 285 1922 ere.
338 1857 478 1921 Interea
501 1857 692 1921 funditores
714 1858 898 1939 lapidibus,
913 1859 1086 1939 sagittarii
1103 1860 1160 1941 ja-

217 1955 315 2032 culis
333 1956 551 2020 arcubalistae
564 1957 655 2032 telis,
668 1957 814 2038 quisque
827 1976 928 2020 suum
944 1951 1161 2021 ²exerceutes

219 2054 378 2131 officium,
387 2056 530 2131 instare,
542 2062 577 2118 et
588 2062 847 2137 propugnantes
858 2054 901 2118 de
912 2075 1010 2118 muro
1022 2057 1160 2118 submo-

218 2173 318 2232 vere3
344 2154 471 2217 milites
485 2173 623 2235 quoque
639 2153 767 2218 virtute
786 2154 1072 2235 incomparabiles
1087 2162 1161 2217 tur-

219 2251 281 2314 rim
304 2252 501 2327 ascenderc‚
515 2271 616 2333 aequo
632 2252 708 2334 jam
730 2271 818 2333 penc
841 2259 950 2315 marte
964 2253 1043 2315 telis
1061 2258 1096 2314 et
1113 2253 1161 2315 la-

220 2351 355 2431 pidibus
380 2350 416 2412 in
439 2351 555 2414 hostes
571 2358 727 2430 agentes.
780 2350 856 2413 Nec
878 2350 929 2412 illi
950 2348 1044 2412 feriis
1061 2369 1161 2414 vaca·

219 2450 314 2526 bant,
336 2450 409 2525 sed,
431 2469 567 2513 omnem
584 2448 707 2512 virtuti
729 2449 874 2512 salutem
898 2450 1162 2526 committentes

219 2548 354 2630 adipem
378 2556 413 2612 et
426 2549 539 2612 oleum
555 2547 703 2628 ignitum
725 2548 761 2611 in
783 2549 905 2611 turrim
922 2555 958 2611 et
975 2548 1011 2609 in
1036 2548 1161 2610 milites

218 2646 404 2710 fundibalis
421 2647 679 2728 jaculabantur,
707 2646 892 2711 multorum
919 2647 1094 2716 mortibus,
1108 2647 1163 2708 sui

218 2746 291 2809 voti
315 2765 352 2808 se
380 2753 556 2827 compotes
584 2744 784 2825 gloriantes
837 2744 895 2808 Ita
921 2753 996 2808 toto
1020 2745 1080 2808 illo
1106 2745 1162 2809 die

218 2851 398 2920 certatum,
413 2850 452 2907 ut
469 2851 592 2907 neutra
605 2861 686 2924 pars
701 2862 738 2905 se
755 2843 883 2907 victam
898 2850 1048 2930 putaret.
1099 2843 1161 2906 Se·

219 2944 338 3023 quenti
361 2943 427 3018 die,
442 2942 501 3024 qui
527 2948 601 3005 erat
616 2941 911 3023 quintusdecimus
925 2940 949 3004 J
952 2942 1025 3018 ulii,
1039 2942 1082 3004 ad
1105 2961 1163 3005 su·
1175 2956 1224 3004 Juu
1236 2959 1264 2995 ¹⁵·

217 3059 337 3121 prema
360 3049 520 3104 ventum:
546 3059 693 3122 namquo
716 3041 855 3115 Franci,
877 3040 1025 3120 pridiani
1051 3050 1162 3104 certa-

219 3139 319 3202 minis
329 3146 456 3203 eventu
472 3138 687 3214 eruditiores
703 3138 813 3201 fasces
823 3137 982 3218 oleagino
998 3157 1100 3201 succo
1112 3139 1163 3200 vi·

220 3238 317 3300 vidas
332 3238 372 3311 in
383 3238 506 3301 turrim
523 3256 621 3299 muro
637 3237 830 3317 proximam
852 3243 888 3298 et
904 3235 979 3317 ejus
1003 3235 1163 3298 custodes

214 3334 385 3417 jecerunt.
437 3334 488 3400 At
513 3334 664 3411 flamma,
688 3342 793 3397 vento
825 3340 951 3414 agente
981 3335 1017 3397 in
1048 3353 1164 3396 comas

219 3440 346 3510 erecta,
385 3435 495 3516 primo
530 3434 639 3514 ligna,
666 3427 765 3496 ³mox
799 3432 931 3513 lapides
966 3432 1165 3513 corripiens,

218 3533 378 3596 custodes
401 3533 578 3614 effugavit.
640 3531 741 3609 Quin
757 3538 793 3594 et
816 3531 914 3611 tigna
926 3550 1004 3612 quae
1018 3531 1166 3594 Turcie

219 3650 317 3694 muro
339 3631 489 3713 pendula
512 3631 724 3706 dimiserant,
747 3639 786 3692 ut
812 3630 945 3705 turrim,
969 3629 999 3692 si
1025 3630 1167 3711 propius

219 3729 471 3806 admoveretur,
489 3730 631 3793 reducto
652 3730 730 3792 nisu
751 3728 968 3791 brachiorum
989 3726 1167 3790 arietando

218 3826 450 3908 effringerent,
467 3828 593 3892 Franci
610 3827 750 3891 funibus
771 3827 917 3890 desectis
943 3825 987 3888 ad
1010 3845 1046 3889 sc
1070 3833 1168 3888 trax-

220 3945 298 4004 ere3
322 3935 358 3990 et
375 3928 418 3990 de
433 3927 594 3991 machina
615 3927 651 3988 in
669 3945 804 3989 murum
816 3926 934 4009 jactis,
950 3925 1170 4005 cratibusque

259 4117 265 4147 ¹
278 4116 388 4188 Inopia]
410 4122 440 4170 C.
452 4122 488 4171 D.
502 4122 553 4181 E.;
569 4123 686 4184 penuria,
712 4122 758 4180 L.;
777 4093 908 4180 exercens,
919 4122 947 4170 S.
965 4116 1033 4187 (var.
1044 4115 1118 4186 lect.)

217 4189 252 4239 A.
268 4189 297 4238 S.
310 4191 341 4239 L.
747 4188 853 4253 Ullam]
870 4191 904 4240 A.
916 4190 952 4240 D.
965 4191 997 4239 Ε.
1009 4191 1057 4248 L.;
1077 4192 1175 4250 postea,

256 4253 451 4326 ²Exereeutes.]
472 4259 506 4309 A.
519 4259 548 4308 S.
563 4260 592 4309 C.
604 4261 640 4309 D.
652 4260 686 4308 Ε.
714 4259 742 4308 S.
757 4262 786 4309 C.

1002 4347 1070 4392 21³2
